4517 5867
634 644 678 691 υ
957 624 1177 729 sunnam
1201 620 1378 694 consu
1401 617 1698 691 annuatur

636 884 639 891 Δ
681 802 871 915 Denique
902 808 937 887 si
966 805 1123 915 objecta
1153 820 1320 888 exrema
1345 816 1524 880 emotam
1564 794 1774 878 inveniant
1801 792 2012 893 animam,

631 942 720 1007 tum
751 944 932 1010 mutatur
958 956 1103 1011 eorum
1128 926 1268 1007 relatio
1294 923 1471 1034 ideoque
1498 937 1642 1001 ustura
1672 916 1798 999 animi
1823 913 2010 1013 allectus,

632 1050 705 1151 qui
736 1053 887 1133 neuris
918 1053 1103 1162 paribus,
1136 1066 1236 1133 tunc
1270 1046 1402 1129 multo
1435 1044 1582 1127 fortior
1615 1060 1657 1125 et
1686 1038 1850 1152 corpori
1887 1036 2008 1119 inles-

631 1168 713 1249 tior
739 1174 826 1253 erit.

1025 1450 1027 1457 y
1158 1289 1379 1428 suerro
1407 1342 1479 1427 sa.

774 1574 837 1643 ns
853 1572 1141 1644 counrrrous
1165 1572 1387 1641 corrosis
1408 1570 1528 1718 sins
1553 1570 1642 1639 aur
1666 1543 1889 1684 nonnosi.
1953 1580 1958 1588 ·

682 1780 866 1865 influxus
894 1785 1077 1895 corporis
1106 1782 1408 1866 constitutionis
1436 1782 1481 1863 in
1505 1784 1626 1861 animi
1658 1782 1820 1859 affectus
1849 1782 1895 1857 in
1924 1779 2006 1857 du·

629 1906 746 1987 bium
770 1908 909 1988 vorari
935 1934 1019 1987 non
1040 1922 1194 2017 potcst;
1220 1907 1280 1984 ira
1301 1906 1486 2015 sequitur
1506 1904 1632 2005 vires,
1657 1898 1834 2005 obtingit
1861 1916 2006 2008 utpote

629 2027 775 2109 bilioso
795 2044 1139 2135 temperament03
1154 2024 1349 2107 timiditas
1368 2028 1412 2105 in
1426 2024 1551 2107 debili
1570 2024 1746 2103 occurrit
1762 2023 2007 2128 organismo.

629 2148 817 2247 Femina,
837 2164 1006 2254 propter
1027 2163 1272 2227 structuram
1289 2146 1540 2249 molliorem,
1558 2145 1727 2227 actionis
1743 2138 2009 2251 magnanimae

628 2266 757 2347 virilis
789 2265 900 2348 haud
929 2296 1053 2377 capax
1079 2286 1149 2351 cst.
1175 2272 1311 2372 Quam
1338 2271 1538 2351 actionem
1570 2296 1656 2349 uon
1688 2270 1838 2348 exserit
1865 2266 2008 2347 evolu-

627 2390 685 2469 tio
704 2414 953 2496 organorum
979 2390 1205 2471 sexualium
1235 2392 1278 2471 in
1296 2393 1420 2473 vitam
1442 2390 1638 2471 moralem
1659 2409 1702 2473 et
1724 2390 1852 2475 animi
1881 2388 2010 2473 adfec-

628 2512 719 2591 tnsl
742 2512 872 2623 qualis
901 2510 1187 2596 dissimilitudo
1213 2540 1374 2593 morum
1403 2529 1444 2593 et
1472 2510 1690 2593 affectuum
1718 2516 1827 2593 inter
1852 2513 2010 2595 incolas

627 2632 840 2737 regionum
858 2632 1078 2712 calidarum
1098 2649 1139 2712 et
1157 2631 1250 2711 illos
1267 2634 1339 2741 qui
1357 2630 1517 2711 climata
1535 2631 1722 2735 opposita
1744 2632 2008 2713 inhabitant?

626 2750 674 2831 In
695 2750 831 2829 studio
858 2755 1046 2824 omniurn
1072 2742 1242 2825 istarum
1269 2774 1477 2826 causarum
1505 2746 1745 2833 incumbere
1774 2754 1911 2861 magni
1938 2755 2006 2845 im,-

628 2863 902 2979 teresttquod
910 2864 1381 2975 praesmbimus,dirersae
1392 2870 1535 2974 astatis,
1547 2898 1684 2975 sexus,
1695 2879 2005 2985 temperamenti

627 2992 740 3102 prius
763 2990 963 3088 actionem
986 2986 1224 3093 statuendo,
1240 2987 1336 3070 dein
1355 2992 1452 3071 anni
1469 3008 1775 3101 tempestatum,
1795 2997 2004 3079 climatum

628 3130 669 3193 et
679 3112 964 3195 alimentorum
973 3110 1140 3198 effectus
1153 3110 1596 3224 inquirendo,tandem
1608 3114 1922 3229 dispositionem·
1934 3148 2004 3200 or-

559 3283 563 3309 ,
627 3249 827 3340 ganorum
851 3252 892 3316 et
924 3252 1048 3318 status
1076 3235 1260 3318 morbosi
1287 3234 1489 3318 influxum
1514 3239 1560 3319 in
1589 3240 1715 3321 animi
1747 3238 1913 3324 allectus
1938 3243 2002 3322 in-

628 3356 876 3465 vestigando.
1079 3348 1085 3360 ’

1052 3533 1260 3672 meur
1301 3536 1588 3629 Paruum..

888 3799 945 3863 ns
960 3756 1139 3881 'mrim
1160 3772 1274 3868 sain
1297 3749 1352 3869 ir
1372 3720 1737 3885 muraenarum

678 4032 839 4111 Foetum
863 4031 986 4113 nullis
1011 4030 1195 4121 laborare
1215 4036 1342 4115 animi
1359 4036 1584 4137 affectibus,
1606 4066 1729 4116 nemo
1753 4054 1813 4118 est
1830 4044 1904 4151 qui
1920 4042 1998 4123 due

626 4150 738 4233 bitot.
763 4152 925 4235 Etenim
947 4152 1077 4249 nullas
1098 4154 1222 4240 habet
1246 4156 1376 4260 ideas,
1393 4154 1554 4240 nullum
1570 4156 1791 4266 judicium
1808 4178 1996 4270 proterea

626 4272 880 4368 conditiones
909 4300 1029 4385 supra
1048 4295 1289 4363 enumerato
1310 4295 1352 4358 et
1376 4278 1586 4363 adortum
1614 4283 1736 4363 animi
1767 4276 1995 4396 adfectuum

611 4396 855 4505 ,necessariae
873 4396 939 4479 hic
960 4394 1249 4485 desiderantur.
1270 4401 1475 4512 Equidem
1491 4406 1698 4513 passiones
1719 4411 1860 4493 matris
1879 4414 1926 4493 in
1943 4412 2001 4491 ris
