4517 5867
1017 943 1246 1115 esser
1265 854 1631 1114 eristen.

959 1304 1041 1407 De
1076 1296 1346 1407 commodis
1379 1292 1712 1438 possessionis.

619 1720 623 1729 ,
696 1637 808 1718 Licet
825 1637 1021 1745 possessio
1039 1635 1091 1714 sit
1108 1632 1199 1713 fecti
1219 1660 1305 1714 non
1319 1628 1441 1741 juris,
1458 1631 1575 1740 plura
1592 1641 1731 1711 tamen
1752 1626 1896 1709 tribuit
1912 1654 2018 1737 pos-

647 1758 793 1838 sessori
803 1755 1195 1869 commodequaemt
1204 1752 1525 1869 exsequentibus
1533 1753 1786 1865 patebit,ipsi
1796 1750 2028 1833 admodum

651 1879 883 1961 favorabilis
898 1898 1015 1980 sunt;
1033 1899 1073 1961 at
1092 1909 1186 1961 cum
1202 1880 1277 1959 alis
1303 1906 1397 1960 cum
1420 1879 1540 1961 bonae
1559 1896 1649 1961 tum
1666 1876 1780 1959 malsc
1801 1875 1895 1956 fidei
1914 1900 2020 1983 pos-

649 2006 793 2083 sessori
822 2021 1068 2113 competant,
1093 2004 1171 2084 slia
1195 2002 1274 2084 soli
1304 2003 1423 2086 bones
1446 2002 1542 2084 fidei
1568 2003 1805 2113 possessori,
1833 2000 2026 2109 primum
2135 1990 2140 2014 '

653 2122 704 2205 de
726 2122 828 2229 iilis,
846 2142 944 2207 tunc
963 2126 1014 2207 de
1039 2126 1103 2207 his
1128 2124 1248 2206 nobis
1265 2125 1467 2233 agendum
1487 2127 1608 2209 venit.

1147 2386 1337 2469 SECTiO
1354 2387 1525 2465 PRIMA.

660 2627 722 2707 De
727 2628 980 2733 possessionis
992 2623 1205 2703 commodo
1218 2581 1311 2701 corn
1326 2624 1438 2701 bonce
1455 2636 1541 2700 tum
1556 2618 1798 2727 moloefidei
1806 2628 2033 2729 possessori

1178 2762 1493 2869 competentibus.

726 3020 837 3099 Inter
864 3014 1076 3098 commoda
1106 3016 1365 3123 possessionis
1397 3042 1492 3096 cum
1518 3014 1638 3097 bonse
1665 3030 1754 3094 tum
1784 3016 1896 3099 malae
1925 3018 2028 3100 fidei

661 3140 878 3249 possessori
886 3140 1152 3248 competentis
1161 3138 1410 3248 precipuum
1417 3140 1598 3219 consistit
1605 3140 1649 3217 in
1661 3166 1722 3238 eo,
1731 3139 1843 3249 quod
1851 3143 2031 3252 quilibet

661 3286 865 3372 possessor
882 3288 956 3370 per
972 3259 1049 3341 hoc
1067 3262 1220 3365 solum,
1237 3260 1356 3371 quod
1376 3263 1577 3372 possidet,
1600 3262 1787 3370 conjiciat
1816 3292 1919 3345 onus
1938 3293 2030 3373 pro

661 3384 787 3467 bsndi
805 3386 848 3465 in
869 3382 1140 3466 adversarium
1165 3412 1306 3481 suum3
1333 3388 1508 3494 quisque
1535 3386 1646 3465 enim
1666 3388 1821 3467 censeri
1842 3385 1963 3467 debet
1983 3415 2028 3467 se

662 3508 772 3589 nolle
793 3537 988 3619 occupare
1008 3510 1315 3619 possessionem,
1335 3534 1460 3615 quam
1477 3507 1608 3586 noscit
1630 3504 1680 3584 sd
1707 3533 1750 3585 se
1773 3508 1882 3585 haud
1901 3510 2028 3613 perti-

662 3646 776 3719 nere,
794 3650 927 3731 neque
948 3634 1068 3711 etiam
1088 3659 1165 3735 pro
1183 3630 1387 3707 communi
1404 3627 1548 3735 agendi
1570 3626 1693 3707 modo
1712 3628 1921 3707 hominum
1943 3654 2028 3705 cre-

663 3737 845 3821 dendum
864 3760 944 3847 est,
965 3746 1178 3827 dominum
1201 3776 1244 3829 se
1267 3752 1515 3860 possessione
1542 3750 1613 3831 sui
1642 3750 1789 3857 privari
1812 3773 2025 3855 passurum

665 3891 760 3947 esse.
792 3865 910 3947 Unde
933 3869 1079 3946 merito
1097 3872 1313 3978 possessio,
1330 3890 1378 3954 ut
1399 3888 1551 3953 constat
1572 3899 1621 3951 ex
1641 3873 1682 3949 L
1701 3897 1727 3948 2
1746 3869 1790 3947 C.
1812 3868 1863 3948 de
1882 3868 2027 3979 prob.,

663 3986 850 4067 transfert
868 4016 971 4068 onus
990 3991 1192 4098 probandi
1203 3996 1246 4073 in
1263 3996 1549 4090 adversarium
1566 4008 1805 4073 sunttemen
1824 3992 2028 4100 interpre-

664 4128 740 4209 tes,
759 4112 830 4221 qui
856 4127 998 4219 putant
1026 4112 1127 4194 iliud
1151 4117 1276 4224 accipi
1297 4119 1446 4198 debere
1471 4116 1522 4197 dc
1539 4115 1644 4224 justis
1660 4139 1744 4193 non
1765 4114 1909 4193 vitiosa
1929 4141 2026 4223 pos·

664 4234 851 4313 sessione.
871 4234 979 4335 Haec,
997 4236 1206 4345 inquiunt,
1226 4266 1309 4318 non
1330 4239 1516 4347 prodest,
1534 4254 1579 4316 ut
1592 4238 1684 4347 quis
1706 4234 1921 4314 commodo
1940 4258 2028 4341 pos·

664 4356 852 4437 sessionis
870 4356 1049 4477 fruatur,
1067 4358 1139 4439 sed
1158 4387 1261 4441 onus
1277 4359 1479 4470 probandi
1492 4360 1629 4441 subire
1647 4360 1826 4465 cogitur,
1844 4356 2027 4467 quentin
