4517 5867
601 538 649 611 ιι
998 523 1432 618 rosnursmrnsrn
1454 525 1609 596 norm

598 717 690 824 ¹erat
711 757 760 822 ut
783 769 797 821 1
821 739 870 818 ad
895 765 960 846 19,
980 759 1015 846 7.
1033 734 1242 844 tribusque
1258 734 1441 844 deinceps
1458 734 1502 812 in
1523 733 1760 846 unaquaque
1786 736 1971 819 columna

607 864 774 976 peractis
789 859 1099 970 experimentis,
1121 851 1330 966 utriusque
1354 858 1547 937 columnas
1569 857 1705 939 eodem
1724 859 1883 968 parium
1901 886 1972 938 nu·

607 1015 717 1070 mero
730 983 945 1066 constantis
964 979 1128 1062 effectus
1147 980 1229 1061 lere
1246 983 1289 1062 in
1304 980 1560 1090 proportione
1575 1010 1667 1061 cum
1682 1009 1820 1062 earum
1837 983 1972 1090 superss

606 1108 694 1190 ficie
712 1106 859 1216 reperti
885 1123 988 1186 sunt.
1008 1109 1200 1184 Praeterea
1218 1133 1268 1184 ex
1287 1103 1471 1214 pluribus
1479 1103 1760 1213 experimentis
1773 1100 1975 1187 adiversis

605 1231 785 1341 physicis
805 1228 1081 1336 imprimisque
1098 1255 1122 1305 a
1149 1227 1254 1306 claro
1271 1228 1478 1335 Fourcroy
1495 1227 1689 1339 institutis
1710 1223 1897 1308 ellectum
1914 1241 1975 1305 est

606 1355 810 1434 columnas
829 1349 928 1431 latas
946 1367 1061 1430 certae
1077 1339 1296 1430 altitudinis
1315 1348 1480 1430 effectus
1505 1379 1587 1430 non
1604 1350 1731 1459 magis
1748 1377 1857 1430 mere
1879 1350 1975 1430 elec·

603 1477 727 1554 tricos
742 1503 863 1583 quam
882 1473 1128 1582 angustiores
1146 1471 1385 1580 producere,
1402 1473 1628 1582 quippeque
1646 1473 1971 1568 commotionem,

570 1633 575 1644 ¹
606 1594 972 1676 electrometrorum
999 1593 1246 1693 discessum,
1273 1591 1464 1675 scintillas
1492 1589 1678 1674 efficiunt.
1707 1595 1814 1672 latae
1839 1593 2004 1671 autem·

606 1718 801 1798 columnae
835 1717 1007 1798 multum
1034 1717 1193 1800 calorici
1215 1715 1293 1797 sub
1320 1715 1461 1796 caloris
1489 1713 1617 1795 forma
1649 1713 1865 1794 evolvunt:
1885 1739 1975 1820 quae

606 1838 772 1948 proinde
795 1836 846 1919 ad
872 1835 1036 1921 effectus
1063 1839 1337 1949 producendos
1366 1839 1499 1950 ¹magis
1531 1835 1878 1934 accommodantur
1905 1829 1975 1912 ubi

466 2047 469 2056 ,
606 1963 799 2046 nimirum
818 1957 903 2042 haec
930 1960 1068 2044 ultima
1086 1962 1244 2044 calorici
1261 1961 1499 2042 modificatio
1517 1959 1697 2042 adhiberi
1716 1956 1842 2040 debet.

660 2144 811 2222 Deinde
838 2147 1055 2252 comparati
1083 2162 1178 2224 sunt
1203 2140 1398 2226 columnae
1424 2142 1588 2225 effectus
1619 2141 1787 2224 diversis
1814 2138 1977 2248 liquidis

532 2313 539 2333 .
608 2264 848 2369 compositae,
861 2292 953 2342 cum
966 2266 1145 2342 tensione
1155 2267 1247 2368 ,ejus
1262 2266 1456 2361 electrina,
1474 2264 1618 2372 viginti
1638 2281 1795 2343 tantum
1812 2260 1976 2370 paribus

607 2385 816 2483 adhibitis,
841 2399 989 2480 statera
1008 2383 1206 2468 Coulomh
1224 2403 1263 2468 st
1289 2387 1570 2467 condensatore
1588 2388 1760 2466 maxime
1787 2377 1975 2465 sensibili.

606 2509 668 2587 Ac
692 2507 822 2614 primo
844 2507 1011 2614 'quidem
1029 2508 1353 2590 columna-acido
1369 2505 1512 2588 uitrico
1532 2511 1725 2588 instructa
1740 2523 1809 2585 est.
1830 2509 1876 2583 ln
1900 2506 1978 2584 hoc

607 2655 725 2726 casu,
744 2644 834 2737 post
851 2645 1075 2710 conmotum
1094 2627 1377 2712 brevissimum
1394 2632 1500 2734 inter
1525 2630 1701 2709 catillum
1729 2626 1984 2734 superiorem

608 2749 900 2831 condensatoris
937 2767 976 2831 et
1002 2779 1128 2832 unum
1145 2779 1201 2832 cx
1230 2753 1567 2862 polis-columnae,
1591 2749 1850 2830 condensator
1877 2747 1977 2826 adeo

607 2871 1406 2955 onerabatur,an
1415 2872 1590 2936 mitius
1606 2870 1761 2937 extrahi
1770 2866 1986 2968 potuisset-

606 2988 804 3070 Columna
822 2973 984 3060 dimidia
1002 2977 1081 3079 jan
1099 2975 1150 3052 ab
1167 2974 1266 3054 hora
1289 2991 1330 3054 et
1346 2973 1437 3084 plus
1454 2979 1649 3058 instructa
1666 2995 1771 3080 erat,
1789 2999 1829 3062 et
1846 2986 1978 3067 tensio

608 3107 714 3212 ejus
722 3101 900 3182 electrica
926 3097 1099 3178 eadem
1089 3122 1248 3204 semper
1270 3097 1511 3179 remanebat
1531 3101 1632 3203 Quae
1648 3130 1729 3183 non
1746 3104 1825 3184 nisi
1842 3126 1976 3188 autem

586 3224 777 3308 evolutis
805 3219 933 3300 tribus
965 3218 1120 3300 circiter
1136 3217 1257 3298 horae
1275 3217 1561 3326 quadrantibus
1579 3224 1726 3303 sensim
1750 3228 1976 3339 sensimque

610 3344 795 3430 imminui
815 3342 948 3449 caepit,
974 3357 1107 3420 tamen
1131 3339 1233 3418 actio
1253 3338 1429 3419 chemica
1447 3369 1527 3420 non
1545 3343 1623 3423 nisi
1651 3345 1793 3455 viginti
1810 3349 1974 3431 minutis

611 3462 862 3577 perdurarit,
878 3469 969 3569 quae
987 3461 1129 3540 saltem
1144 3477 1237 3568 post
1253 3459 1330 3542 hoc
1338 3464 1529 3570 tempons
1538 3483 1751 3577 spatium
1722 3466 1804 3548 fere
1813 3498 1974 3552 ommno

610 3599 834 3670 evanuerat
853 3585 947 3662 Haec
962 3582 1158 3662 anomalia
1178 3581 1346 3664 forsitan
1362 3585 1549 3692 explicari
1571 3604 1706 3694 posset
1732 3591 1767 3667 si
1793 3592 1977 3672 admitte-

536 3701 540 3710 ’
611 3724 742 3805 retur,
760 3732 852 3786 cum
869 3704 1060 3786 columna
1076 3705 1179 3784 actio
1196 3702 1448 3819 deficiebatur
1464 3705 1638 3788 chemica
1647 3707 1866 3832 ,temporis
1883 3711 1974 3822 spa.-

611 3830 714 3910 tium
741 3853 820 3937 quo
845 3841 1070 3906 contactum
1095 3855 1188 3907 cum
1214 3854 1295 3906 uno
1325 3826 1497 3907 alterove
1514 3855 1563 3906 ex
1580 3825 1664 3933 ejus
1682 3831 1784 3938 polis
1802 3832 1973 3916 habehat

615 3947 887 4044 condensam,
902 3945 1116 4027 maximam
1128 3947 1172 4026 in
1182 3948 1443 4056 quantitatem
1453 3947 1734 4052 electricitatis,
1751 3981 1871 4062 quam
1881 3985 1973 4036 con-

615 4067 797 4148 densator
825 4065 1024 4166 sumebat,
1050 4069 1135 4148 vim
1162 4095 1352 4150 exercerc.
1371 4071 1493 4149 Porro
1520 4099 1645 4180 quum
1672 4092 1854 4156 accurata
1870 4076 1974 4169 inter

615 4169 806 4269 machinae
818 4189 934 4295 polos
954 4190 1255 4271 communicatio
1273 4188 1515 4291 instituitur,
1543 4210 1631 4272 tum
1650 4194 1931 4278 electricitas
1899 4228 1974 4280 crr-

616 4299 722 4415 culat
744 4307 841 4444 quin
859 4326 991 4390 tamen
1009 4309 1157 4411 ullum,
1182 4340 1252 4420 qur
1239 4312 1552 4442 videripossit,
1571 4313 1757 4396 effectum
1769 4319 1972 4428 producat.
2003 4328 2022 4355 ·’

618 4408 958 4513 Sinresistentiam
972 4431 1194 4516 intransitu
1212 4460 1284 4515 suo
1302 4433 1491 4540 patiatur,
1509 4432 1764 4522 tuncactione
1776 4439 1976 4538 chemica,
