4517 5867
644 648 647 653 ,
688 614 1026 687 ιιιιιιιιιιιιο
1048 612 1260 687 munros.
1318 588 1363 704 5'
1614 638 1655 686 ιι

347 794 442 899 Quo
475 793 678 936 colligitur
717 792 885 875 effectus
920 793 1083 875 lecturas
1112 796 1326 901 poetarum
1363 811 1405 877 et
1437 792 1662 936 praescrtim
1740 781 1745 786 ⁹

295 918 496 1004 librorum
523 919 615 1028 qni
609 933 818 999 vocantur
844 908 1024 997 Romans
1047 916 1199 1036 gallice
1227 919 1283 998 Hi
1309 919 1439 1020 enim,
1462 918 1662 1027 imprimis

295 1039 340 1120 in
356 1055 467 1122 atate
482 1038 673 1147 juvenili,
692 1040 1018 1145 imaginationem
1035 1024 1274 1141 accendunt,
1287 1039 1536 1148 phantasiam
1554 1038 1662 1120 exal

296 1176 403 1263 tant,
426 1163 592 1243 rationis
616 1178 658 1242 et
676 1162 793 1241 liberi
822 1154 977 1241 arbitrii
1006 1159 1204 1241 culturam
1229 1162 1488 1269 impediunt·

236 1367 239 1381 '
350 1368 463 1447 Idem
494 1367 712 1447 dicendum
735 1385 794 1449 est
816 1356 873 1447 de
902 1367 1018 1448 ludis.
1042 1354 1179 1448 Homo
1200 1368 1273 1477 qui
1297 1365 1405 1471 ludis
1425 1385 1466 1447 et
1491 1368 1588 1448 alais
1605 1384 1667 1446 te·

297 1488 653 1590 netur,.animam,
666 1490 967 1597 utplurimum,
981 1487 1109 1567 habet
1123 1488 1324 1595 jactatam
1343 1490 1537 1580 continno
1555 1512 1670 1596 apem

297 1627 337 1689 et
355 1608 509 1692 metum
528 1610 635 1690 inter
651 1626 853 1707 versatur3
872 1610 972 1695 dum
993 1608 1155 1689 fortuna
1176 1611 1213 1687 ei
1230 1609 1358 1711 favet,
1375 1607 1545 1715 gaudet3
1567 1610 1668 1690 dum

296 1748 435 1811 contra
448 1730 564 1811 valde
583 1731 835 1832 adversatur,
853 1732 1030 1833 tristitia,
1051 1730 1302 1838 poenitentia,
1319 1732 1545 1839 angor,'ira
1557 1733 1669 1844 quic-

297 1872 381 1933 tem
398 1879 519 1947 suum
529 1852 704 1929 turbant.
715 1851 898 1933 Tandem
912 1854 945 1931 si
959 1852 1061 1932 ideae
1074 1844 1241 1933 iacturae
1253 1853 1670 1963 temporis,fortnnae,

288 1973 431 2074 tama,
442 1971 610 2051 honoris
626 1996 722 2049 eum
737 1997 981 2079 magnopere
992 1989 1158 2074 vexent,
1169 1972 1308 2055 salutis
1320 1993 1391 2082 spe
1402 1975 1571 2060 orbatur
1584 1996 1668 2057 ma·

300 2122 460 2205 nusque
489 2092 568 2173 sibi
598 2092 720 2171 infert
741 2089 948 2173 violentas.

301 2316 623 2398 Inconstantia
642 2330 683 2395 et
699 2315 924 2425 appetentia
946 2312 1162 2394 hominum
1180 2314 1232 2395 ad
1250 2341 1387 2396 causas
1408 2314 1549 2395 animae
1568 2341 1672 2407 com·

302 2440 530 2519 motionum
553 2437 812 2546 disponentes
830 2439 1056 2567 computari
1079 2455 1247 2548 queunt.
1267 2438 1466 2519 Animalia
1486 2441 1671 2540 momen·

192 2572 197 2577 ’
299 2558 423 2659 tarios
454 2558 713 2641 solummodo
741 2556 972 2668 percipiunt
999 2562 1235 2669 appetitus,
1256 2562 1329 2671 qui
1356 2562 1476 2641 silent
1507 2534 1672 2671 quando

302 2682 532 2786 explentur,
555 2708 629 2756 nec
642 2681 717 2755 hoa
735 2699 969 2783 provocant.
990 2682 1126 2762 Homo
1148 2700 1281 2763 autem
1294 2681 1496 2777 desiderio
1513 2679 1673 2761 occulto

283 2800 533 2883 'felicitatem
556 2796 729 2903 augendi
751 2824 890 2901 suam,
912 2811 953 2873 et
979 2792 1159 2872 variandi
1181 2820 1322 2873 sensus
1349 2811 1520 2875 tenetur.
1549 2798 1677 2878 Multa

305 2924 506 3003 inanimo
534 2937 666 3001 versat
691 2917 856 2999 consilia
882 2932 929 2996 ut
953 2943 1074 2996 suum
1097 2943 1267 3057 scopum
1283 2918 1472 3025 attingat,
1489 2934 1531 2997 et
1552 2919 1675 3025 agita-

304 3024 486 3125 tionibus
511 3041 692 3121 molestis
713 3068 799 3121 sese
824 3037 971 3146 objicit.
993 3029 1170 3117 Nunc
1139 3065 1173 3118 ss
1199 3038 1244 3118 id
1273 3038 1387 3150 qnod
1416 3056 1500 3120 tam
1529 3041 1676 3127 ardeu-

305 3184 368 3245 ter
402 3160 634 3271 appetebat,
667 3162 746 3251 sibi
780 3160 1071 3263 conciliaverit,
1101 3168 1199 3241 mois
1224 3162 1445 3258 satietatem
1478 3164 1515 3243 ei
1545 3159 1677 3267 creat,

305 3295 446 3367 rursus
469 3284 520 3365 ad
543 3310 666 3363 novas
692 3283 913 3391 impellitur
931 3282 1187 3390 cupiditates,
1206 3299 1247 3365 et
1272 3285 1330 3364 sic
1355 3311 1482 3367 causae
1502 3286 1676 3366 emotio-

306 3391 408 3491 nrim
427 3410 635 3489 'continuo
661 3422 916 3490 renovantur.

362 3584 642 3704 Consuetudo,
664 3600 876 3741 passionis
879 3592 1404 3704 e'volutionampromptam
1423 3591 1579 3693 reddit3
1604 3600 1679 3706 qui

308 3746 411 3830 sape
445 3722 562 3803 irasci
580 3724 748 3826 solent,
777 3718 947 3803 minimo
975 3718 1139 3823 stimulo
1165 3746 1211 3799 ac
1237 3739 1356 3797 causa
1381 3716 1622 3797 levissima
1610 3745 1679 3798 rrae

312 3841 545 3950 indulgent3
566 3811 694 3923 liomo
716 3844 829 3953 cujus
850 3842 1016 3925 affectus
1035 3840 1178 3922 solitus
1202 3854 1262 3915 est
1282 3837 1536 3943 gaudium·
1518 3866 1680 3966 jocosus

310 3980 351 4103 et
379 3965 543 4047 festivus
569 3964 712 4109 evadit.
784 3980 792 3992 ·

359 4170 584 4302 Dispositio
605 4170 746 4249 anima
767 4192 934 4277 qnoque
952 4169 996 4247 in
1015 4164 1101 4289 ejus
1119 4162 1349 4246 affectiones
1372 4162 1528 4263 influit3
1554 4166 1589 4247 si
1609 4194 1678 4249 co-·

200 4370 204 4375 .
313 4278 574 4403 gitationibus
599 4285 818 4369 tristibus
801 4316 885 4397 Jam
909 4290 1052 4396 agitata
1070 4290 1123 4369 sit
1127 4288 1441 4396 ,impressiones
1458 4302 1547 4389 tum
1566 4303 1679 4371 acce*

315 4416 476 4519 dentes,
493 4412 543 4493 ad
567 4400 731 4493 affectus
752 4412 815 4493 his
838 4412 1007 4516 similes,
1028 4426 1101 4495 aut
1117 4410 1257 4506 saltem
1276 4407 1349 4519 qui
1372 4434 1510 4489 earum
1525 4426 1678 4495 naturae

316 4520 565 4648 participant,
586 4536 809 4643 disponunt
