4517 5867
415 545 794 622 connnnramo
818 543 887 614 sn
911 543 1265 632 Quesnouen
1288 511 1619 624 utrensnnn.
1657 569 1698 669 3¹

335 737 566 840 supererat,
587 753 720 840 eoque
740 720 843 808 illud
864 741 1067 806 assecutus
1089 742 1161 825 est,
1184 743 1232 806 ut
1252 754 1344 808 cum
1373 729 1522 814 forensi
1544 733 1617 814 illo
1640 731 1703 812 di·

335 852 451 932 cendi
485 878 633 960 genere
663 847 858 962 aequabile
885 846 964 930 hoc
993 865 1344 960 temperatumque
1377 847 1610 961 disputandi
1635 883 1705 962 ge·

334 1001 412 1056 nus
437 973 725 1082 conjungeret;
746 967 858 1084 quod
879 971 947 1050 vix
972 997 1220 1084 quemquam
1250 988 1341 1050 ante
1369 999 1432 1073 se,
1461 1001 1513 1054 ne
1544 975 1705 1057 Graeco·-

336 1123 429 1176 rum
440 1091 632 1206 quidem,
652 1093 790 1176 fecisse
810 1094 981 1202 ipsemet
1002 1109 1172 1174 testatur
1188 1095 1249 1174 De
1271 1091 1386 1173 Offic.
1405 1093 1434 1173 1.
1462 1120 1492 1172 1.
1511 1099 1538 1194 §
1562 1123 1597 1176 u.
1617 1131 1637 1171 u
1659 1101 1707 1178 Et

337 1215 381 1298 id
410 1216 578 1330 quidem
604 1218 759 1318 nemini
791 1215 912 1316 video
944 1219 1182 1298 Graecorum
1218 1216 1349 1298 adhue
1386 1219 1631 1326 contigisse,
1661 1237 1709 1303 ut

336 1340 446 1418 idem
474 1359 647 1450 utroque
669 1342 711 1418 in
739 1367 885 1448 genere
914 1339 1161 1445 elaboraret,
1186 1358 1506 1454 sequereturque
1538 1359 1579 1422 et
1605 1340 1707 1426 illud

332 1457 495 1540 'forense
517 1460 678 1574 dicendi
698 1478 739 1542 et
759 1461 837 1542 hoe
861 1463 1047 1574 quietum
1070 1462 1303 1574 disputandi
1324 1491 1474 1570 genus,
1498 1465 1576 1544 nisi
1603 1462 1708 1544 forte

335 1582 564 1662 Demetrius
581 1583 796 1666 Phalereus
814 1585 858 1664 in
876 1585 953 1666 hoc
971 1614 1144 1666 numero
1161 1585 1303 1667 haberi
1318 1602 1459 1696 potest.
1477 1619 1498 1659 n
1517 1589 1568 1666 Et
1585 1584 1706 1696 paulo

337 1707 550 1813 superius:
573 1739 593 1779 u
615 1709 861 1818 Magnopere
885 1724 925 1790 te
947 1709 1109 1814 hortor,
1130 1711 1187 1788 mi
1213 1710 1376 1811 Cicero,
1401 1725 1448 1787 ut
1471 1736 1554 1788 non
1575 1708 1708 1787 solum

196 1873 202 1884 ·
338 1831 541 1910 orationes
562 1857 690 1928 meas,
711 1830 783 1912 sed
805 1831 878 1913 hos
901 1833 1021 1912 etiam
1046 1831 1097 1912 de
1120 1831 1378 1942 philosophie
1399 1827 1551 1928 libros,
1569 1830 1643 1940 qui
1664 1854 1707 1908 se

323 1947 416 2054 jam
432 1950 512 2034 illis
533 1951 616 2034 fere
635 1945 861 2066 equarum,
879 1953 1058 2038 studiose
1079 1955 1187 2064 legas
1205 1957 1272 2068 (1).
1293 1988 1313 2028 u

856 2135 858 2142 Ψ
951 2180 1089 2315 511.

392 2412 524 2492 Variae
549 2427 684 2505 temen
712 2427 807 2492 sunt
836 2411 923 2519 ejus
950 2415 1042 2494 vitae
1071 2407 1367 2518 distinguendae
1394 2430 1526 2520 partes
1553 2415 1620 2520 (α).
1654 2415 1711 2496 Ut

340 2534 449 2612 euim
469 2531 740 2639 injuventute
761 2549 802 2612 et
819 2535 981 2638 vigente
1000 2551 1115 2616 etate
1139 2535 1288 2614 caussis
1322 2532 1505 2614 dicendis
1534 2537 1709 2615 maxime

340 2681 503 2762 operam
527 2657 709 2753 navavit,
732 2658 977 2763 provectiori
999 2673 1137 2740 mrtem
1158 2656 1337 2763 petriam
1355 2651 1510 2763 adjuvit
1530 2653 1710 2764 consiliis

386 2889 433 2976 (ι)
456 2875 799 2956 contemnentis
810 2891 928 2960 ervire
939 2891 1010 2958 Cic.
1023 2892 1169 2980 Cap.3n.
1182 2891 1466 2978 Tom.v111.pag.
1482 2891 1556 2958 130.
1567 2891 1707 2973 schel:

342 2992 445 3058 Καίτοι
459 2989 594 3066 πολλάκις
610 2989 694 3066 αὐτὸς
714 2991 794 3066 ἠξίου
813 2993 875 3062 τοὺς
895 2993 992 3077 φίλως
1008 2995 1050 3072 μὴ
1067 2995 1186 3076 ρ’ήτορα
1210 2991 1307 3054 rano
1330 2991 1433 3076 αὑτὸν,
1456 2992 1532 3058 elle
1554 2994 1708 3086 φιλόσοφον·

341 3095 502 3186 suune
527 3097 607 3187 γὰρ.
629 3099 668 3171 ὣς
687 3087 791 3184 issu,
818 3091 976 3182 aneso,
996 3097 1143 3182 e'ausut
1169 3089 1313 3183 &leun
1341 3097 1479 3184 neves
1504 3096 1710 3186 reueletur

343 3203 390 3268 ε’πῖ
404 3205 456 3278 τὰς
475 3207 585 3290 χρείας.

386 3353 435 3444 (2)
457 3353 559 3420 Multi
582 3349 734 3442 preclari
758 3349 917 3418 exstitere
934 3349 1023 3428 viri,
1048 3350 1107 3434 qui
1133 3350 1171 3410 in
1192 3345 1427 3414 eonmribendh
1447 3349 1615 3420 Ciceronis
1642 3356 1710 3423 viu

344 3443 480 3548 operam
497 3481 592 3525 suam
612 3457 821 3524 collocarent.
840 3457 892 3517 Ex
910 3449 1167 3538 Antiquioribus
1186 3473 1277 3516 unus
1293 3450 1531 3519 Pnunsucrws
1549 3455 1628 3521 virt
1649 3457 1710 3525 Ci-

346 3561 473 3630 ceronis
488 3563 660 3629 scribendh
676 3559 801 3650 optime
817 3559 858 3623 de
874 3579 1009 3622 summo
1027 3557 1089 3622 hoc
1106 3555 1181 3622 viro
1197 3557 1420 3645 promeruisse
1440 3558 1529 3624 mihi
1555 3559 1709 3648 videtur,

346 3669 659 3756 quomodocumque
675 3666 808 3730 tandem
825 3685 845 3727 a
860 3660 941 3728 viris
954 3661 1065 3727 doctis·
1079 3664 1122 3728 de‘
1139 3663 1201 3728 hec
1221 3662 1400 3752 scriptione
1426 3664 1647 3731 existimetur.
1668 3662 1710 3734 In

345 3769 648 3841 Recentioribushi
665 3768 876 3858 potissimum
893 3778 1040 3832 auctores
1060 3777 1151 3835 sunt·
1159 3769 1392 3852 memorandi,
1419 3790 1567 3856 quorum
1588 3769 1710 3859 diqui.

344 3877 477 3944 sitiones
495 3866 577 3942 hinc
597 3875 676 3940 inde
697 3893 807 3939 meam
828 3871 866 3937 iu
890 3895 964 3938 rem
984 3893 1040 3937 me
1064 3872 1260 3938 convertisse
1284 3885 1377 3960 grato
1396 3873 1511 3938 enimc
1526 3871 1707 3961 profiteor:

347 3983 538 4049 neruoso
555 3979 582 4046 F
584 3997 723 4046 senten
732 3977 882 4045 'Historia
899 3976 1066 4044 Ciceronis
1083 4001 1145 4066 per
1161 3979 1312 4044 consules
1328 3977 1488 4068 descripta
1503 3987 1535 4043 et
1550 3977 1588 4044 in
1605 4002 1710 4046 annos

348 4085 452 4154 LXIV
469 4087 638 4171 distincta,
648 4109 728 4152 cum
742 4083 1009 4151 annotationibus
1030 4081 1214 4157 Gronovii,
1228 4079 1371 4147 Cellarii
1387 4092 1420 4147 et
1434 4081 1469 4145 J.
1480 4077 1538 4147 M.
1550 4082 1709 4149 Heusin-

346 4190 443 4278 geri‚
463 4191 623 4280 Budingoe
646 4191 753 4278 1726,
775 4189 808 4256 8.
832 4187 1042 4255 Securum
1059 4183 1227 4252 Gonnum
1252 4185 1443 4274 Questura,
1467 4187 1535 4254 sive
1554 4183 1603 4252 De
1620 4186 1708 4255 Cice·
1837 4255 1843 4264 ,

351 4293 443 4358 rone
458 4293 534 4360 nu
545 4305 579 4360 e
591 4293 723 4378 uteru,
737 4307 797 4360 ea.
811 4341 822 4378 ,
836 4297 889 4361 aa.
905 4293 957 4359 Jo.
974 4291 1069 4381 Aug.
1088 4271 1706 4380 nrmu,npeae‚17cs.2v0u.i.

352 4395 366 4486 (
387 4397 523 4486 Deque
546 4398 783 4488 degannssimc
792 4399 906 4466 libello
924 4395 1015 4466 conf.
1035 4394 1197 4462 Sunuuns
1217 4393 1539 4466 Wmuuuscums
1568 4395 1608 4462 in
1631 4393 1708 4468 Vite

1529 4525 1564 4571 2·
