<?xml version="1.0" encoding="UTF-8"?>
<!DOCTYPE html PUBLIC "-//W3C//DTD XHTML 1.0 Transitional//EN"
    "http://www.w3.org/TR/xhtml1/DTD/xhtml1-transitional.dtd">
<html xmlns="http://www.w3.org/1999/xhtml" xml:lang="en" lang="en">
 <head>
  <title>
</title>
<meta http-equiv="Content-Type" content="text/html;charset=utf-8" />
  <meta name='ocr-system' content='tesseract 3.04.00' />
  <meta name='ocr-capabilities' content='ocr_page ocr_carea ocr_par ocr_line ocrx_word'/>
</head>
<body>
  <div class='ocr_page' id='page_1' title='image "annalesacademia01goog_0387.png"; bbox 0 0 4517 5867; ppageno 0'>
   <div class='ocr_carea' id='block_1_1' title="bbox 623 663 1650 755">
    <p class='ocr_par' dir='ltr' id='par_1_1' title="bbox 623 663 1650 755">
     <span class='ocr_line' id='line_1_1' title="bbox 623 663 1650 755; baseline 0.008 -16"><span class='ocrx_word' id='word_1_1' title='bbox 623 663 873 739; x_wconf 69' lang='lat' dir='ltr'><strong>unsrunsm</strong></span> <span class='ocrx_word' id='word_1_2' title='bbox 894 666 957 737; x_wconf 77' lang='lat' dir='ltr'><strong>tn</strong></span> <span class='ocrx_word' id='word_1_3' title='bbox 979 666 1144 755; x_wconf 83' lang='lat' dir='ltr'><strong>QUAEST.</strong></span> <span class='ocrx_word' id='word_1_4' title='bbox 1168 668 1312 742; x_wconf 71' lang='lat' dir='ltr'><strong>llllllD‘.</strong></span> <span class='ocrx_word' id='word_1_5' title='bbox 1608 682 1650 747; x_wconf 72' lang='lat'><strong>³3</strong></span> 
     </span>
    </p>
   </div>
   <div class='ocr_carea' id='block_1_2' title="bbox 197 850 1749 1941">
    <p class='ocr_par' dir='ltr' id='par_1_2' title="bbox 197 850 1749 1941">
     <span class='ocr_line' id='line_1_2' title="bbox 286 850 1749 964; baseline -0.001 -27"><span class='ocrx_word' id='word_1_6' title='bbox 286 882 377 937; x_wconf 88' lang='lat' dir='ltr'><strong>cum</strong></span> <span class='ocrx_word' id='word_1_7' title='bbox 396 850 545 964; x_wconf 91' lang='lat' dir='ltr'><strong>peculii</strong></span> <span class='ocrx_word' id='word_1_8' title='bbox 562 851 766 932; x_wconf 78' lang='lat' dir='ltr'><strong>concessio</strong></span> <span class='ocrx_word' id='word_1_9' title='bbox 784 866 1070 959; x_wconf 85' lang='lat' dir='ltr'><strong>praesupponat</strong></span> <span class='ocrx_word' id='word_1_10' title='bbox 1094 851 1311 961; x_wconf 87' lang='lat' dir='ltr'><strong>quamdam</strong></span> <span class='ocrx_word' id='word_1_11' title='bbox 1334 852 1557 957; x_wconf 79' lang='lat' dir='ltr'><strong>scientiam,</strong></span> <span class='ocrx_word' id='word_1_12' title='bbox 1577 881 1649 962; x_wconf 88' lang='lat' dir='ltr'><strong>pa·</strong></span> <span class='ocrx_word' id='word_1_13' title='bbox 1747 909 1749 911; x_wconf 28' lang='grc' dir='ltr'>ψ</span> 
     </span>
     <span class='ocr_line' id='line_1_3' title="bbox 284 968 1650 1087; baseline -0.001 -30"><span class='ocrx_word' id='word_1_14' title='bbox 284 968 365 1059; x_wconf 73' lang='lat' dir='ltr'><strong>t&#39;res</strong></span> <span class='ocrx_word' id='word_1_15' title='bbox 380 975 623 1087; x_wconf 72' lang='lat' dir='ltr'><strong>&#39;dominique</strong></span> <span class='ocrx_word' id='word_1_16' title='bbox 642 974 803 1072; x_wconf 88' lang='lat' dir='ltr'><strong>volunt,</strong></span> <span class='ocrx_word' id='word_1_17' title='bbox 828 988 875 1051; x_wconf 84' lang='lat' dir='ltr'><strong>ut</strong></span> <span class='ocrx_word' id='word_1_18' title='bbox 896 969 1098 1081; x_wconf 90' lang='lat' dir='ltr'><strong>quidquid</strong></span> <span class='ocrx_word' id='word_1_19' title='bbox 1121 972 1193 1052; x_wconf 89' lang='lat' dir='ltr'><strong>filii</strong></span> <span class='ocrx_word' id='word_1_20' title='bbox 1218 991 1288 1054; x_wconf 87' lang='lat' dir='ltr'><strong>aut</strong></span> <span class='ocrx_word' id='word_1_21' title='bbox 1310 978 1414 1056; x_wconf 82' lang='lat' dir='ltr'><strong>servi</strong></span> <span class='ocrx_word' id='word_1_22' title='bbox 1433 1004 1482 1058; x_wconf 82' lang='lat' dir='ltr'><strong>ex</strong></span> <span class='ocrx_word' id='word_1_23' title='bbox 1506 1002 1555 1055; x_wconf 91' lang='lat' dir='ltr'><strong>eo</strong></span> <span class='ocrx_word' id='word_1_24' title='bbox 1577 1004 1650 1086; x_wconf 88' lang='lat' dir='ltr'><strong>pe-</strong></span> 
     </span>
     <span class='ocr_line' id='line_1_4' title="bbox 198 1094 1648 1210; baseline -0.002 -28"><span class='ocrx_word' id='word_1_25' title='bbox 198 1193 200 1197; x_wconf 23' lang='lat'><strong>,</strong></span> <span class='ocrx_word' id='word_1_26' title='bbox 285 1101 393 1181; x_wconf 89' lang='lat' dir='ltr'><strong>culio</strong></span> <span class='ocrx_word' id='word_1_27' title='bbox 415 1097 732 1208; x_wconf 83' lang='lat' dir='ltr'>apprehendant,</span> <span class='ocrx_word' id='word_1_28' title='bbox 751 1095 828 1174; x_wconf 86' lang='lat' dir='ltr'><strong>hoc</strong></span> <span class='ocrx_word' id='word_1_29' title='bbox 840 1094 935 1200; x_wconf 89' lang='lat' dir='ltr'><strong>ipsis</strong></span> <span class='ocrx_word' id='word_1_30' title='bbox 948 1095 1196 1201; x_wconf 75' lang='lat' dir='ltr'><strong>acquiratur,</strong></span> <span class='ocrx_word' id='word_1_31' title='bbox 1215 1113 1255 1175; x_wconf 92' lang='lat' dir='ltr'><strong>et</strong></span> <span class='ocrx_word' id='word_1_32' title='bbox 1275 1096 1354 1175; x_wconf 93' lang='lat' dir='ltr'><strong>hoc</strong></span> <span class='ocrx_word' id='word_1_33' title='bbox 1374 1115 1435 1177; x_wconf 91' lang='lat' dir='ltr'><strong>est</strong></span> <span class='ocrx_word' id='word_1_34' title='bbox 1455 1098 1568 1210; x_wconf 89' lang='lat' dir='ltr'><strong>quod</strong></span> <span class='ocrx_word' id='word_1_35' title='bbox 1585 1098 1648 1179; x_wconf 83' lang='lat' dir='ltr'><strong>di.-</strong></span> 
     </span>
     <span class='ocr_line' id='line_1_5' title="bbox 284 1213 1724 1329; baseline 0 -28"><span class='ocrx_word' id='word_1_36' title='bbox 284 1226 390 1301; x_wconf 90' lang='lat' dir='ltr'><strong>citur</strong></span> <span class='ocrx_word' id='word_1_37' title='bbox 407 1225 451 1302; x_wconf 93' lang='lat' dir='ltr'><strong>in</strong></span> <span class='ocrx_word' id='word_1_38' title='bbox 469 1225 513 1300; x_wconf 78' lang='lat' dir='ltr'>L</span> <span class='ocrx_word' id='word_1_39' title='bbox 541 1249 577 1323; x_wconf 91' lang='lat'><strong>1,</strong></span> <span class='ocrx_word' id='word_1_40' title='bbox 597 1220 663 1317; x_wconf 80' lang='lat'><strong>§5</strong></span> <span class='ocrx_word' id='word_1_41' title='bbox 684 1218 732 1297; x_wconf 61' lang='lat' dir='ltr'><strong>li:</strong></span> <span class='ocrx_word' id='word_1_42' title='bbox 744 1218 782 1297; x_wconf 75' lang='lat' dir='ltr'><strong>ln</strong></span> <span class='ocrx_word' id='word_1_43' title='bbox 802 1235 846 1319; x_wconf 85' lang='lat' dir='ltr'><strong>t,</strong></span> <span class='ocrx_word' id='word_1_44' title='bbox 861 1213 974 1327; x_wconf 86' lang='lat' dir='ltr'><strong>quod</strong></span> <span class='ocrx_word' id='word_1_45' title='bbox 992 1215 1200 1303; x_wconf 81' lang='lat' dir='ltr'><strong>voluntate</strong></span> <span class='ocrx_word' id='word_1_46' title='bbox 1219 1219 1355 1298; x_wconf 78' lang='lat' dir='ltr'><strong>nostrd</strong></span> <span class='ocrx_word' id='word_1_47' title='bbox 1376 1219 1653 1325; x_wconf 75' lang='lat' dir='ltr'><strong>intelligantur</strong></span> <span class='ocrx_word' id='word_1_48' title='bbox 1713 1246 1724 1329; x_wconf 69' lang='lat' dir='ltr'>j</span> 
     </span>
     <span class='ocr_line' id='line_1_6' title="bbox 283 1338 1650 1452; baseline -0.001 -29"><span class='ocrx_word' id='word_1_49' title='bbox 283 1343 506 1450; x_wconf 90' lang='lat' dir='ltr'><strong>possidere,</strong></span> <span class='ocrx_word' id='word_1_50' title='bbox 526 1344 677 1452; x_wconf 89' lang='lat' dir='ltr'><strong>quibus</strong></span> <span class='ocrx_word' id='word_1_51' title='bbox 695 1339 899 1449; x_wconf 85' lang='lat' dir='ltr'><strong>peculimn</strong></span> <span class='ocrx_word' id='word_1_52' title='bbox 919 1338 1066 1419; x_wconf 85' lang='lat' dir='ltr'><strong>habere</strong></span> <span class='ocrx_word' id='word_1_53' title='bbox 1085 1343 1396 1449; x_wconf 77' lang='lat' dir='ltr'><strong>permiserimus.</strong></span> <span class='ocrx_word' id='word_1_54' title='bbox 1407 1344 1562 1421; x_wconf 89' lang='lat' dir='ltr'><strong>Verum</strong></span> <span class='ocrx_word' id='word_1_55' title='bbox 1579 1370 1650 1421; x_wconf 86' lang='lat' dir='ltr'><strong>au·</strong></span> 
     </span>
     <span class='ocr_line' id='line_1_7' title="bbox 250 1456 1650 1574; baseline 0.004 -37"><span class='ocrx_word' id='word_1_56' title='bbox 250 1526 256 1537; x_wconf 92' lang='lat'><strong>.</strong></span> <span class='ocrx_word' id='word_1_57' title='bbox 282 1481 363 1543; x_wconf 88' lang='lat' dir='ltr'><strong>tem</strong></span> <span class='ocrx_word' id='word_1_58' title='bbox 382 1466 415 1542; x_wconf 91' lang='lat' dir='ltr'><strong>si</strong></span> <span class='ocrx_word' id='word_1_59' title='bbox 434 1456 632 1574; x_wconf 82' lang='lat' dir='ltr'><strong>possessio</strong></span> <span class='ocrx_word' id='word_1_60' title='bbox 656 1459 733 1541; x_wconf 79' lang='lat' dir='ltr'><strong>alia</strong></span> <span class='ocrx_word' id='word_1_61' title='bbox 751 1490 800 1541; x_wconf 88' lang='lat' dir='ltr'><strong>ex</strong></span> <span class='ocrx_word' id='word_1_62' title='bbox 819 1461 938 1541; x_wconf 73' lang='lat' dir='ltr'><strong>causei</strong></span> <span class='ocrx_word' id='word_1_63' title='bbox 951 1488 1082 1568; x_wconf 42' lang='lat' dir='ltr'><strong>,quam</strong></span> <span class='ocrx_word' id='word_1_64' title='bbox 1099 1463 1291 1569; x_wconf 81' lang='lat' dir='ltr'><strong>peculiari</strong></span> <span class='ocrx_word' id='word_1_65' title='bbox 1310 1479 1398 1543; x_wconf 84' lang='lat' dir='ltr'><strong>orta</strong></span> <span class='ocrx_word' id='word_1_66' title='bbox 1415 1463 1513 1572; x_wconf 93' lang='lat' dir='ltr'><strong>ipsis</strong></span> <span class='ocrx_word' id='word_1_67' title='bbox 1531 1465 1650 1543; x_wconf 87' lang='lat' dir='ltr'><strong>etiam</strong></span> 
     </span>
     <span class='ocr_line' id='line_1_8' title="bbox 283 1582 1669 1695; baseline 0.002 -32"><span class='ocrx_word' id='word_1_68' title='bbox 283 1584 563 1690; x_wconf 83' lang='lat' dir='ltr'><strong>ignorantibus</strong></span> <span class='ocrx_word' id='word_1_69' title='bbox 582 1582 876 1695; x_wconf 79' lang='lat' dir='ltr'><strong>acquireretur,</strong></span> <span class='ocrx_word' id='word_1_70' title='bbox 889 1609 1057 1692; x_wconf 83' lang='lat' dir='ltr'><strong>prorsus</strong></span> <span class='ocrx_word' id='word_1_71' title='bbox 1075 1584 1127 1663; x_wconf 89' lang='lat' dir='ltr'><strong>ab</strong></span> <span class='ocrx_word' id='word_1_72' title='bbox 1147 1583 1233 1694; x_wconf 78' lang='lat' dir='ltr'><strong>ejus</strong></span> <span class='ocrx_word' id='word_1_73' title='bbox 1251 1587 1392 1665; x_wconf 72' lang='lat' dir='ltr'><strong>naturd</strong></span> <span class='ocrx_word' id='word_1_74' title='bbox 1415 1586 1522 1692; x_wconf 91' lang='lat' dir='ltr'><strong>leges</strong></span> <span class='ocrx_word' id='word_1_75' title='bbox 1540 1614 1669 1667; x_wconf 83' lang='lat' dir='ltr'><strong>rece--</strong></span> 
     </span>
     <span class='ocr_line' id='line_1_9' title="bbox 197 1705 1649 1818; baseline 0 -28"><span class='ocrx_word' id='word_1_76' title='bbox 197 1806 198 1809; x_wconf 10' lang='lat'>¹</span> <span class='ocrx_word' id='word_1_77' title='bbox 285 1706 447 1811; x_wconf 76' lang='lat' dir='ltr'><strong>dorent,</strong></span> <span class='ocrx_word' id='word_1_78' title='bbox 475 1736 568 1788; x_wconf 91' lang='lat' dir='ltr'><strong>cum</strong></span> <span class='ocrx_word' id='word_1_79' title='bbox 585 1705 695 1787; x_wconf 86' lang='lat' dir='ltr'><strong>nulla</strong></span> <span class='ocrx_word' id='word_1_80' title='bbox 723 1708 891 1787; x_wconf 90' lang='lat' dir='ltr'><strong>omnino</strong></span> <span class='ocrx_word' id='word_1_81' title='bbox 919 1708 1042 1815; x_wconf 78' lang='lat' dir='ltr'><strong>patris</strong></span> <span class='ocrx_word' id='word_1_82' title='bbox 1064 1706 1269 1789; x_wconf 81' lang='lat' dir='ltr'><strong>dominive</strong></span> <span class='ocrx_word' id='word_1_83' title='bbox 1290 1709 1477 1789; x_wconf 84' lang='lat' dir='ltr'><strong>voluntas</strong></span> <span class='ocrx_word' id='word_1_84' title='bbox 1495 1736 1649 1818; x_wconf 88' lang='lat' dir='ltr'><strong>posses·</strong></span> 
     </span>
     <span class='ocr_line' id='line_1_10' title="bbox 284 1829 1649 1941; baseline 0 -32"><span class='ocrx_word' id='word_1_85' title='bbox 284 1831 409 1910; x_wconf 85' lang='lat' dir='ltr'><strong>sionis</strong></span> <span class='ocrx_word' id='word_1_86' title='bbox 420 1830 728 1941; x_wconf 88' lang='lat' dir='ltr'><strong>acquisitionem</strong></span> <span class='ocrx_word' id='word_1_87' title='bbox 745 1829 1017 1939; x_wconf 76' lang='lat' dir='ltr'><strong>praeccssisset.</strong></span> <span class='ocrx_word' id='word_1_88' title='bbox 1029 1832 1083 1908; x_wconf 88' lang='lat' dir='ltr'><strong>At</strong></span> <span class='ocrx_word' id='word_1_89' title='bbox 1092 1858 1191 1910; x_wconf 84' lang='lat' dir='ltr'><strong>vero</strong></span> <span class='ocrx_word' id='word_1_90' title='bbox 1209 1831 1323 1940; x_wconf 88' lang='lat' dir='ltr'><strong>quod</strong></span> <span class='ocrx_word' id='word_1_91' title='bbox 1342 1833 1448 1939; x_wconf 90' lang='lat' dir='ltr'><strong>leges</strong></span> <span class='ocrx_word' id='word_1_92' title='bbox 1456 1832 1501 1912; x_wconf 92' lang='lat' dir='ltr'><strong>id</strong></span> <span class='ocrx_word' id='word_1_93' title='bbox 1518 1832 1649 1911; x_wconf 86' lang='lat' dir='ltr'><strong>facere</strong></span> 
     </span>
    </p>
   </div>
   <div class='ocr_carea' id='block_1_3' title="bbox 214 1950 1763 2180">
    <p class='ocr_par' dir='ltr' id='par_1_3' title="bbox 214 1950 1763 2180">
     <span class='ocr_line' id='line_1_11' title="bbox 283 1950 1650 2067; baseline 0 -38"><span class='ocrx_word' id='word_1_94' title='bbox 283 1950 506 2055; x_wconf 88' lang='lat' dir='ltr'><strong>noluerint,</strong></span> <span class='ocrx_word' id='word_1_95' title='bbox 533 1980 656 2067; x_wconf 88' lang='lat' dir='ltr'><strong>quam</strong></span> <span class='ocrx_word' id='word_1_96' title='bbox 678 1950 975 2033; x_wconf 86' lang='lat' dir='ltr'><strong>evidentissime</strong></span> <span class='ocrx_word' id='word_1_97' title='bbox 992 1950 1170 2058; x_wconf 85' lang='lat' dir='ltr'><strong>probant</strong></span> <span class='ocrx_word' id='word_1_98' title='bbox 1200 1952 1323 2032; x_wconf 85' lang='lat' dir='ltr'><strong>verba</strong></span> <span class='ocrx_word' id='word_1_99' title='bbox 1348 1955 1391 2032; x_wconf 91' lang='lat' dir='ltr'><strong>L.</strong></span> <span class='ocrx_word' id='word_1_100' title='bbox 1414 1950 1535 2054; x_wconf 58' lang='grc' dir='ltr'><strong>ΑΜ</strong></span> <span class='ocrx_word' id='word_1_101' title='bbox 1562 1981 1577 2030; x_wconf 86' lang='lat' dir='ltr'><strong>r</strong></span> <span class='ocrx_word' id='word_1_102' title='bbox 1605 1954 1650 2029; x_wconf 91' lang='lat' dir='ltr'><strong>in</strong></span> 
     </span>
     <span class='ocr_line' id='line_1_12' title="bbox 214 2072 1763 2180; baseline -0.004 -26"><span class='ocrx_word' id='word_1_103' title='bbox 214 2144 217 2153; x_wconf 72' lang='grc'>,</span> <span class='ocrx_word' id='word_1_104' title='bbox 283 2072 418 2153; x_wconf 88' lang='lat' dir='ltr'><strong>medio</strong></span> <span class='ocrx_word' id='word_1_105' title='bbox 437 2074 532 2147; x_wconf 70' lang='lat' dir='ltr'><strong>fun.</strong></span> <span class='ocrx_word' id='word_1_106' title='bbox 553 2093 599 2169; x_wconf 75' lang='lat' dir='ltr'><strong>e,</strong></span> <span class='ocrx_word' id='word_1_107' title='bbox 617 2095 709 2174; x_wconf 81' lang='lat' dir='ltr'><strong>quae</strong></span> <span class='ocrx_word' id='word_1_108' title='bbox 726 2074 919 2143; x_wconf 79' lang='lat' dir='ltr'><strong>haecsunt</strong></span> <span class='ocrx_word' id='word_1_109' title='bbox 938 2092 948 2139; x_wconf 77' lang='grc' dir='ltr'>ι</span> <span class='ocrx_word' id='word_1_110' title='bbox 970 2077 1003 2141; x_wconf 85' lang='lat' dir='ltr'><strong>si</strong></span> <span class='ocrx_word' id='word_1_111' title='bbox 1022 2092 1106 2143; x_wconf 84' lang='lat' dir='ltr'><strong>non</strong></span> <span class='ocrx_word' id='word_1_112' title='bbox 1123 2077 1306 2146; x_wconf 75' lang='lat' dir='ltr'><strong>excausa</strong></span> <span class='ocrx_word' id='word_1_113' title='bbox 1324 2075 1521 2176; x_wconf 79' lang='lat' dir='ltr'><strong>peculiari</strong></span> <span class='ocrx_word' id='word_1_114' title='bbox 1538 2097 1651 2180; x_wconf 85' lang='lat' dir='ltr'><strong>quae·</strong></span> <span class='ocrx_word' id='word_1_115' title='bbox 1760 2076 1763 2079; x_wconf 76' lang='grc'><strong>’</strong></span> 
     </span>
    </p>
   </div>
   <div class='ocr_carea' id='block_1_4' title="bbox 261 2181 1716 4493">
    <p class='ocr_par' dir='ltr' id='par_1_4' title="bbox 261 2181 1716 4493">
     <span class='ocr_line' id='line_1_13' title="bbox 284 2181 1649 2301; baseline 0.002 -32"><span class='ocrx_word' id='word_1_116' title='bbox 284 2208 396 2270; x_wconf 90' lang='lat' dir='ltr'><strong>ratur</strong></span> <span class='ocrx_word' id='word_1_117' title='bbox 414 2185 595 2296; x_wconf 85' lang='lat' dir='ltr'><strong>aliquid,</strong></span> <span class='ocrx_word' id='word_1_118' title='bbox 614 2185 821 2301; x_wconf 80' lang='lat' dir='ltr'><strong>scientiam</strong></span> <span class='ocrx_word' id='word_1_119' title='bbox 844 2181 999 2263; x_wconf 89' lang='lat' dir='ltr'><strong>domini</strong></span> <span class='ocrx_word' id='word_1_120' title='bbox 1027 2212 1111 2265; x_wconf 85' lang='lat' dir='ltr'><strong>esse</strong></span> <span class='ocrx_word' id='word_1_121' title='bbox 1138 2190 1408 2268; x_wconf 87' lang='lat' dir='ltr'><strong>necessariam.</strong></span> <span class='ocrx_word' id='word_1_122' title='bbox 1436 2194 1649 2298; x_wconf 78' lang='lat' dir='ltr'><strong>Perpetem</strong></span> 
     </span>
     <span class='ocr_line' id='line_1_14' title="bbox 283 2305 1650 2418; baseline 0.002 -29"><span class='ocrx_word' id='word_1_123' title='bbox 283 2313 407 2417; x_wconf 91' lang='lat' dir='ltr'><strong>igitur</strong></span> <span class='ocrx_word' id='word_1_124' title='bbox 428 2308 644 2390; x_wconf 84' lang='lat' dir='ltr'><strong>adversarii</strong></span> <span class='ocrx_word' id='word_1_125' title='bbox 662 2322 825 2416; x_wconf 83' lang='lat' dir='ltr'><strong>putant,</strong></span> <span class='ocrx_word' id='word_1_126' title='bbox 847 2305 955 2411; x_wconf 90' lang='lat' dir='ltr'><strong>leges</strong></span> <span class='ocrx_word' id='word_1_127' title='bbox 971 2307 1015 2385; x_wconf 88' lang='lat' dir='ltr'><strong>in</strong></span> <span class='ocrx_word' id='word_1_128' title='bbox 1040 2307 1193 2415; x_wconf 91' lang='lat' dir='ltr'><strong>quibus</strong></span> <span class='ocrx_word' id='word_1_129' title='bbox 1214 2310 1450 2418; x_wconf 83' lang='lat' dir='ltr'><strong>opinionem</strong></span> <span class='ocrx_word' id='word_1_130' title='bbox 1471 2329 1650 2392; x_wconf 83' lang='lat' dir='ltr'><strong>nostram</strong></span> 
     </span>
     <span class='ocr_line' id='line_1_15' title="bbox 283 2420 1647 2545; baseline 0.004 -36"><span class='ocrx_word' id='word_1_131' title='bbox 283 2430 515 2533; x_wconf 84' lang='lat' dir='ltr'><strong>fundamus,</strong></span> <span class='ocrx_word' id='word_1_132' title='bbox 534 2428 784 2537; x_wconf 87' lang='lat' dir='ltr'><strong>accipiendas</strong></span> <span class='ocrx_word' id='word_1_133' title='bbox 802 2454 885 2508; x_wconf 91' lang='lat' dir='ltr'><strong>esse</strong></span> <span class='ocrx_word' id='word_1_134' title='bbox 900 2426 950 2509; x_wconf 90' lang='lat' dir='ltr'><strong>de</strong></span> <span class='ocrx_word' id='word_1_135' title='bbox 972 2426 1232 2531; x_wconf 83' lang='lat' dir='ltr'><strong>distinctione</strong></span> <span class='ocrx_word' id='word_1_136' title='bbox 1249 2420 1456 2545; x_wconf 65' lang='lat' dir='ltr'><strong>propositi</strong></span> <span class='ocrx_word' id='word_1_137' title='bbox 1474 2435 1519 2513; x_wconf 90' lang='lat' dir='ltr'><strong>in</strong></span> <span class='ocrx_word' id='word_1_138' title='bbox 1532 2437 1576 2514; x_wconf 80' lang='lat' dir='ltr'>L</span> <span class='ocrx_word' id='word_1_139' title='bbox 1594 2435 1647 2543; x_wconf 70' lang='lat'><strong>47</strong></span> 
     </span>
     <span class='ocr_line' id='line_1_16' title="bbox 284 2546 1649 2673; baseline 0.003 -42"><span class='ocrx_word' id='word_1_140' title='bbox 284 2550 324 2631; x_wconf 79' lang='lat' dir='ltr'><strong>ff.</strong></span> <span class='ocrx_word' id='word_1_141' title='bbox 347 2552 397 2633; x_wconf 92' lang='lat' dir='ltr'><strong>de</strong></span> <span class='ocrx_word' id='word_1_142' title='bbox 416 2582 551 2661; x_wconf 91' lang='lat' dir='ltr'><strong>usurp.</strong></span> <span class='ocrx_word' id='word_1_143' title='bbox 569 2570 610 2633; x_wconf 92' lang='lat' dir='ltr'><strong>et</strong></span> <span class='ocrx_word' id='word_1_144' title='bbox 623 2546 760 2661; x_wconf 77' lang='lat' dir='ltr'><strong>¹usuc.;</strong></span> <span class='ocrx_word' id='word_1_145' title='bbox 779 2582 893 2658; x_wconf 81' lang='lat' dir='ltr'><strong>narn,</strong></span> <span class='ocrx_word' id='word_1_146' title='bbox 912 2573 959 2637; x_wconf 91' lang='lat' dir='ltr'><strong>ut</strong></span> <span class='ocrx_word' id='word_1_147' title='bbox 980 2584 1029 2637; x_wconf 85' lang='lat' dir='ltr'><strong>ex</strong></span> <span class='ocrx_word' id='word_1_148' title='bbox 1048 2574 1140 2637; x_wconf 89' lang='lat' dir='ltr'><strong>ante</strong></span> <span class='ocrx_word' id='word_1_149' title='bbox 1164 2557 1281 2639; x_wconf 89' lang='lat' dir='ltr'><strong>dictis</strong></span> <span class='ocrx_word' id='word_1_150' title='bbox 1305 2575 1432 2673; x_wconf 79' lang='lat' dir='ltr'><strong>patet,</strong></span> <span class='ocrx_word' id='word_1_151' title='bbox 1451 2559 1649 2667; x_wconf 78' lang='lat' dir='ltr'><strong>possessio</strong></span> 
     </span>
     <span class='ocr_line' id='line_1_17' title="bbox 283 2676 1651 2799; baseline 0.001 -42"><span class='ocrx_word' id='word_1_152' title='bbox 283 2678 369 2759; x_wconf 91' lang='lat' dir='ltr'><strong>sine</strong></span> <span class='ocrx_word' id='word_1_153' title='bbox 392 2679 528 2757; x_wconf 89' lang='lat' dir='ltr'><strong>animo</strong></span> <span class='ocrx_word' id='word_1_154' title='bbox 552 2676 693 2754; x_wconf 88' lang='lat' dir='ltr'><strong>saltem</strong></span> <span class='ocrx_word' id='word_1_155' title='bbox 720 2679 763 2753; x_wconf 94' lang='lat' dir='ltr'><strong>in</strong></span> <span class='ocrx_word' id='word_1_156' title='bbox 786 2706 932 2781; x_wconf 87' lang='lat' dir='ltr'><strong>genere</strong></span> <span class='ocrx_word' id='word_1_157' title='bbox 955 2682 1107 2799; x_wconf 88' lang='lat' dir='ltr'><strong>acquiri</strong></span> <span class='ocrx_word' id='word_1_158' title='bbox 1129 2683 1297 2798; x_wconf 80' lang='lat' dir='ltr'><strong>nequit,</strong></span> <span class='ocrx_word' id='word_1_159' title='bbox 1320 2681 1365 2762; x_wconf 92' lang='lat' dir='ltr'><strong>id</strong></span> <span class='ocrx_word' id='word_1_160' title='bbox 1384 2680 1497 2792; x_wconf 91' lang='lat' dir='ltr'><strong>quod</strong></span> <span class='ocrx_word' id='word_1_161' title='bbox 1514 2698 1651 2761; x_wconf 85' lang='lat' dir='ltr'><strong>tamen</strong></span> 
     </span>
     <span class='ocr_line' id='line_1_18' title="bbox 283 2796 1698 2906; baseline 0 -27"><span class='ocrx_word' id='word_1_162' title='bbox 283 2826 334 2879; x_wconf 85' lang='lat' dir='ltr'><strong>ex</strong></span> <span class='ocrx_word' id='word_1_163' title='bbox 350 2799 543 2906; x_wconf 89' lang='lat' dir='ltr'><strong>opinione</strong></span> <span class='ocrx_word' id='word_1_164' title='bbox 563 2796 883 2875; x_wconf 88' lang='lat' dir='ltr'><strong>adversariorum</strong></span> <span class='ocrx_word' id='word_1_165' title='bbox 902 2806 1125 2874; x_wconf 89' lang='lat' dir='ltr'><strong>necessario</strong></span> <span class='ocrx_word' id='word_1_166' title='bbox 1140 2807 1357 2902; x_wconf 90' lang='lat' dir='ltr'><strong>contingit,</strong></span> <span class='ocrx_word' id='word_1_167' title='bbox 1374 2803 1537 2906; x_wconf 90' lang='lat' dir='ltr'><strong>quando</strong></span> <span class='ocrx_word' id='word_1_168' title='bbox 1557 2826 1650 2905; x_wconf 90' lang='lat' dir='ltr'><strong>pos·</strong></span> <span class='ocrx_word' id='word_1_169' title='bbox 1695 2832 1698 2837; x_wconf 94' lang='lat'>·</span> 
     </span>
     <span class='ocr_line' id='line_1_19' title="bbox 283 2915 1652 3027; baseline -0.001 -26"><span class='ocrx_word' id='word_1_170' title='bbox 283 2922 406 3001; x_wconf 88' lang='lat' dir='ltr'><strong>sessio</strong></span> <span class='ocrx_word' id='word_1_171' title='bbox 425 2920 501 2999; x_wconf 78' lang='lat' dir='ltr'><strong>alia</strong></span> <span class='ocrx_word' id='word_1_172' title='bbox 523 2946 572 2999; x_wconf 86' lang='lat' dir='ltr'><strong>ex</strong></span> <span class='ocrx_word' id='word_1_173' title='bbox 597 2918 714 2999; x_wconf 80' lang='lat' dir='ltr'><strong>causd</strong></span> <span class='ocrx_word' id='word_1_174' title='bbox 737 2945 862 3027; x_wconf 84' lang='lat' dir='ltr'><strong>quam</strong></span> <span class='ocrx_word' id='word_1_175' title='bbox 880 2915 1072 3026; x_wconf 89' lang='lat' dir='ltr'><strong>peculiari</strong></span> <span class='ocrx_word' id='word_1_176' title='bbox 1092 2919 1231 2996; x_wconf 89' lang='lat' dir='ltr'><strong>oritur.</strong></span> <span class='ocrx_word' id='word_1_177' title='bbox 1254 2918 1328 2996; x_wconf 91' lang='lat' dir='ltr'><strong>His</strong></span> <span class='ocrx_word' id='word_1_178' title='bbox 1350 2944 1435 2996; x_wconf 91' lang='lat' dir='ltr'><strong>non</strong></span> <span class='ocrx_word' id='word_1_179' title='bbox 1454 2918 1652 3001; x_wconf 86' lang='lat' dir='ltr'><strong>obstanti·</strong></span> 
     </span>
     <span class='ocr_line' id='line_1_20' title="bbox 283 3037 1648 3149; baseline -0.001 -27"><span class='ocrx_word' id='word_1_180' title='bbox 283 3041 361 3122; x_wconf 88' lang='lat' dir='ltr'><strong>bus</strong></span> <span class='ocrx_word' id='word_1_181' title='bbox 383 3044 572 3122; x_wconf 90' lang='lat' dir='ltr'><strong>insistunt</strong></span> <span class='ocrx_word' id='word_1_182' title='bbox 592 3058 633 3121; x_wconf 91' lang='lat' dir='ltr'><strong>et</strong></span> <span class='ocrx_word' id='word_1_183' title='bbox 650 3040 812 3142; x_wconf 88' lang='lat' dir='ltr'><strong>dicunt,</strong></span> <span class='ocrx_word' id='word_1_184' title='bbox 835 3037 948 3149; x_wconf 91' lang='lat' dir='ltr'><strong>quod</strong></span> <span class='ocrx_word' id='word_1_185' title='bbox 972 3038 1200 3117; x_wconf 90' lang='lat' dir='ltr'><strong>dominium</strong></span> <span class='ocrx_word' id='word_1_186' title='bbox 1218 3046 1293 3146; x_wconf 85' lang='lat' dir='ltr'><strong>&#39;per</strong></span> <span class='ocrx_word' id='word_1_187' title='bbox 1314 3037 1441 3119; x_wconf 86' lang='lat' dir='ltr'><strong>lilium</strong></span> <span class='ocrx_word' id='word_1_188' title='bbox 1469 3058 1539 3121; x_wconf 91' lang='lat' dir='ltr'><strong>aut</strong></span> <span class='ocrx_word' id='word_1_189' title='bbox 1564 3068 1648 3121; x_wconf 90' lang='lat' dir='ltr'><strong>ser·</strong></span> 
     </span>
     <span class='ocr_line' id='line_1_21' title="bbox 282 3160 1649 3275; baseline 0.001 -30"><span class='ocrx_word' id='word_1_190' title='bbox 282 3192 381 3245; x_wconf 78' lang='lat' dir='ltr'><strong>vum</strong></span> <span class='ocrx_word' id='word_1_191' title='bbox 399 3166 613 3275; x_wconf 85' lang='lat' dir='ltr'><strong>quaesitum</strong></span> <span class='ocrx_word' id='word_1_192' title='bbox 634 3164 865 3273; x_wconf 86' lang='lat' dir='ltr'><strong>acquiratur</strong></span> <span class='ocrx_word' id='word_1_193' title='bbox 885 3162 989 3268; x_wconf 89' lang='lat' dir='ltr'><strong>patri</strong></span> <span class='ocrx_word' id='word_1_194' title='bbox 1009 3160 1227 3241; x_wconf 84' lang='lat' dir='ltr'><strong>dominove</strong></span> <span class='ocrx_word' id='word_1_195' title='bbox 1245 3162 1447 3271; x_wconf 86' lang='lat' dir='ltr'><strong>ignoranti</strong></span> <span class='ocrx_word' id='word_1_196' title='bbox 1468 3165 1555 3243; x_wconf 89' lang='lat' dir='ltr'><strong>sine</strong></span> <span class='ocrx_word' id='word_1_197' title='bbox 1574 3164 1649 3247; x_wconf 86' lang='lat' dir='ltr'><strong>dis·</strong></span> 
     </span>
     <span class='ocr_line' id='line_1_22' title="bbox 261 3280 1651 3392; baseline -0.001 -27"><span class='ocrx_word' id='word_1_198' title='bbox 261 3280 501 3388; x_wconf 80' lang='lat' dir='ltr'><strong>tinctione,</strong></span> <span class='ocrx_word' id='word_1_199' title='bbox 520 3312 572 3364; x_wconf 85' lang='lat' dir='ltr'><strong>an</strong></span> <span class='ocrx_word' id='word_1_200' title='bbox 600 3312 648 3364; x_wconf 90' lang='lat' dir='ltr'><strong>ex</strong></span> <span class='ocrx_word' id='word_1_201' title='bbox 679 3284 796 3363; x_wconf 73' lang='lat' dir='ltr'><strong>causti</strong></span> <span class='ocrx_word' id='word_1_202' title='bbox 823 3282 1016 3392; x_wconf 90' lang='lat' dir='ltr'><strong>peculiari</strong></span> <span class='ocrx_word' id='word_1_203' title='bbox 1045 3298 1181 3362; x_wconf 91' lang='lat' dir='ltr'><strong>ortum</strong></span> <span class='ocrx_word' id='word_1_204' title='bbox 1204 3287 1277 3387; x_wconf 83' lang='lat' dir='ltr'><strong>sit,</strong></span> <span class='ocrx_word' id='word_1_205' title='bbox 1298 3313 1349 3364; x_wconf 89' lang='lat' dir='ltr'><strong>an</strong></span> <span class='ocrx_word' id='word_1_206' title='bbox 1376 3310 1474 3365; x_wconf 89' lang='lat' dir='ltr'><strong>vero</strong></span> <span class='ocrx_word' id='word_1_207' title='bbox 1497 3313 1547 3363; x_wconf 86' lang='lat' dir='ltr'><strong>ex</strong></span> <span class='ocrx_word' id='word_1_208' title='bbox 1574 3284 1651 3363; x_wconf 74' lang='lat' dir='ltr'><strong>alid</strong></span> 
     </span>
     <span class='ocr_line' id='line_1_23' title="bbox 284 3395 1650 3521; baseline -0.005 -33"><span class='ocrx_word' id='word_1_209' title='bbox 284 3408 466 3521; x_wconf 72' lang='lat' dir='ltr'><strong>quilibet</strong></span> <span class='ocrx_word' id='word_1_210' title='bbox 484 3408 626 3516; x_wconf 73' lang='lat' dir='ltr'><strong>causis,</strong></span> <span class='ocrx_word' id='word_1_211' title='bbox 639 3434 736 3513; x_wconf 86' lang='lat' dir='ltr'><strong>crgo</strong></span> <span class='ocrx_word' id='word_1_212' title='bbox 752 3422 792 3485; x_wconf 92' lang='lat' dir='ltr'><strong>et</strong></span> <span class='ocrx_word' id='word_1_213' title='bbox 811 3407 1030 3514; x_wconf 87' lang='lat' dir='ltr'><strong>possessio,</strong></span> <span class='ocrx_word' id='word_1_214' title='bbox 1051 3395 1145 3484; x_wconf 85' lang='lat' dir='ltr'><strong>cum</strong></span> <span class='ocrx_word' id='word_1_215' title='bbox 1163 3404 1273 3485; x_wconf 89' lang='lat' dir='ltr'><strong>nulla</strong></span> <span class='ocrx_word' id='word_1_216' title='bbox 1295 3403 1423 3484; x_wconf 91' lang='lat' dir='ltr'><strong>solida</strong></span> <span class='ocrx_word' id='word_1_217' title='bbox 1444 3406 1546 3484; x_wconf 91' lang='lat' dir='ltr'><strong>ratio</strong></span> <span class='ocrx_word' id='word_1_218' title='bbox 1570 3402 1650 3482; x_wconf 91' lang='lat' dir='ltr'><strong>dis-</strong></span> 
     </span>
     <span class='ocr_line' id='line_1_24' title="bbox 282 3526 1651 3639; baseline -0.003 -30"><span class='ocrx_word' id='word_1_219' title='bbox 282 3532 462 3639; x_wconf 85' lang='lat' dir='ltr'><strong>paritatis</strong></span> <span class='ocrx_word' id='word_1_220' title='bbox 470 3532 576 3610; x_wconf 86' lang='lat' dir='ltr'><strong>inter</strong></span> <span class='ocrx_word' id='word_1_221' title='bbox 587 3528 895 3639; x_wconf 89' lang='lat' dir='ltr'><strong>acquisitionem</strong></span> <span class='ocrx_word' id='word_1_222' title='bbox 905 3526 1076 3606; x_wconf 89' lang='lat' dir='ltr'><strong>dominii</strong></span> <span class='ocrx_word' id='word_1_223' title='bbox 1088 3545 1128 3607; x_wconf 86' lang='lat' dir='ltr'><strong>et</strong></span> <span class='ocrx_word' id='word_1_224' title='bbox 1141 3528 1403 3635; x_wconf 87' lang='lat' dir='ltr'><strong>possessionis</strong></span> <span class='ocrx_word' id='word_1_225' title='bbox 1412 3526 1499 3606; x_wconf 90' lang='lat' dir='ltr'><strong>dari</strong></span> <span class='ocrx_word' id='word_1_226' title='bbox 1512 3542 1651 3635; x_wconf 86' lang='lat' dir='ltr'><strong>queat,</strong></span> 
     </span>
     <span class='ocr_line' id='line_1_25' title="bbox 282 3647 1716 3763; baseline 0.001 -34"><span class='ocrx_word' id='word_1_227' title='bbox 282 3653 467 3763; x_wconf 91' lang='lat' dir='ltr'><strong>quinimo</strong></span> <span class='ocrx_word' id='word_1_228' title='bbox 478 3652 694 3762; x_wconf 88' lang='lat' dir='ltr'><strong>inquiunt:</strong></span> <span class='ocrx_word' id='word_1_229' title='bbox 713 3650 974 3758; x_wconf 89' lang='lat' dir='ltr'><strong>possessionis</strong></span> <span class='ocrx_word' id='word_1_230' title='bbox 984 3651 1198 3759; x_wconf 89' lang='lat' dir='ltr'><strong>acquisitio</strong></span> <span class='ocrx_word' id='word_1_231' title='bbox 1210 3648 1447 3750; x_wconf 82' lang='lat' dir='ltr'><strong>faciliorest,</strong></span> <span class='ocrx_word' id='word_1_232' title='bbox 1460 3674 1554 3729; x_wconf 86' lang='lat' dir='ltr'><strong>cum</strong></span> <span class='ocrx_word' id='word_1_233' title='bbox 1562 3647 1652 3730; x_wconf 83' lang='lat' dir='ltr'><strong>facti</strong></span> <span class='ocrx_word' id='word_1_234' title='bbox 1710 3737 1716 3744; x_wconf 50' lang='grc'>,</span> 
     </span>
     <span class='ocr_line' id='line_1_26' title="bbox 283 3769 1653 3882; baseline 0 -31"><span class='ocrx_word' id='word_1_235' title='bbox 283 3775 406 3879; x_wconf 82' lang='lat' dir='ltr'><strong>magis</strong></span> <span class='ocrx_word' id='word_1_236' title='bbox 439 3776 500 3853; x_wconf 88' lang='lat' dir='ltr'><strong>sit</strong></span> <span class='ocrx_word' id='word_1_237' title='bbox 525 3770 847 3882; x_wconf 89' lang='lat' dir='ltr'><strong>Respondemus,</strong></span> <span class='ocrx_word' id='word_1_238' title='bbox 872 3769 986 3879; x_wconf 92' lang='lat' dir='ltr'><strong>quod</strong></span> <span class='ocrx_word' id='word_1_239' title='bbox 1015 3770 1082 3869; x_wconf 88' lang='lat' dir='ltr'><strong>hi,</strong></span> <span class='ocrx_word' id='word_1_240' title='bbox 1108 3773 1180 3880; x_wconf 92' lang='lat' dir='ltr'><strong>qui</strong></span> <span class='ocrx_word' id='word_1_241' title='bbox 1209 3786 1360 3877; x_wconf 89' lang='lat' dir='ltr'><strong>negant</strong></span> <span class='ocrx_word' id='word_1_242' title='bbox 1383 3770 1507 3851; x_wconf 88' lang='lat' dir='ltr'><strong>ullam</strong></span> <span class='ocrx_word' id='word_1_243' title='bbox 1534 3770 1653 3879; x_wconf 85' lang='lat' dir='ltr'><strong>hujus</strong></span> 
     </span>
     <span class='ocr_line' id='line_1_27' title="bbox 284 3892 1652 4009; baseline 0.002 -39"><span class='ocrx_word' id='word_1_244' title='bbox 284 3894 523 3999; x_wconf 88' lang='lat' dir='ltr'><strong>disparitatis</strong></span> <span class='ocrx_word' id='word_1_245' title='bbox 552 3896 749 4006; x_wconf 81' lang='lat' dir='ltr'><strong>rationem</strong></span> <span class='ocrx_word' id='word_1_246' title='bbox 768 3893 854 3974; x_wconf 88' lang='lat' dir='ltr'><strong>dari</strong></span> <span class='ocrx_word' id='word_1_247' title='bbox 877 3920 1017 4001; x_wconf 86' lang='lat' dir='ltr'><strong>posse,</strong></span> <span class='ocrx_word' id='word_1_248' title='bbox 1052 3920 1137 3972; x_wconf 88' lang='lat' dir='ltr'><strong>non</strong></span> <span class='ocrx_word' id='word_1_249' title='bbox 1164 3896 1258 3973; x_wconf 88' lang='lat' dir='ltr'><strong>satis</strong></span> <span class='ocrx_word' id='word_1_250' title='bbox 1279 3894 1331 3974; x_wconf 88' lang='lat' dir='ltr'><strong>ad</strong></span> <span class='ocrx_word' id='word_1_251' title='bbox 1357 3893 1557 4009; x_wconf 66' lang='lat' dir='ltr'><strong>diuersam</strong></span> <span class='ocrx_word' id='word_1_252' title='bbox 1578 3892 1652 3974; x_wconf 93' lang='lat' dir='ltr'><strong>do·</strong></span> 
     </span>
     <span class='ocr_line' id='line_1_28' title="bbox 285 4015 1654 4120; baseline 0.004 -28"><span class='ocrx_word' id='word_1_253' title='bbox 285 4015 400 4093; x_wconf 88' lang='lat' dir='ltr'><strong>minii</strong></span> <span class='ocrx_word' id='word_1_254' title='bbox 417 4015 568 4094; x_wconf 90' lang='lat' dir='ltr'><strong>scilicet</strong></span> <span class='ocrx_word' id='word_1_255' title='bbox 584 4037 624 4096; x_wconf 83' lang='lat' dir='ltr'><strong>et</strong></span> <span class='ocrx_word' id='word_1_256' title='bbox 644 4018 909 4120; x_wconf 83' lang='lat' dir='ltr'><strong>possessionis</strong></span> <span class='ocrx_word' id='word_1_257' title='bbox 929 4030 1112 4094; x_wconf 89' lang='lat' dir='ltr'><strong>naturam</strong></span> <span class='ocrx_word' id='word_1_258' title='bbox 1132 4016 1385 4113; x_wconf 82' lang='lat' dir='ltr'><strong>reflexerint;</strong></span> <span class='ocrx_word' id='word_1_259' title='bbox 1407 4018 1522 4099; x_wconf 86' lang='lat' dir='ltr'><strong>facile</strong></span> <span class='ocrx_word' id='word_1_260' title='bbox 1546 4021 1654 4099; x_wconf 89' lang='lat' dir='ltr'><strong>enim</strong></span> 
     </span>
     <span class='ocr_line' id='line_1_29' title="bbox 285 4131 1653 4251; baseline 0.001 -36"><span class='ocrx_word' id='word_1_261' title='bbox 285 4137 378 4216; x_wconf 87' lang='lat' dir='ltr'><strong>alias</strong></span> <span class='ocrx_word' id='word_1_262' title='bbox 392 4164 485 4216; x_wconf 90' lang='lat' dir='ltr'><strong>cum</strong></span> <span class='ocrx_word' id='word_1_263' title='bbox 492 4140 663 4215; x_wconf 82' lang='lat' dir='ltr'><strong>Porurnn</strong></span> <span class='ocrx_word' id='word_1_264' title='bbox 672 4136 715 4212; x_wconf 95' lang='lat' dir='ltr'><strong>in</strong></span> <span class='ocrx_word' id='word_1_265' title='bbox 725 4131 844 4239; x_wconf 85' lang='lat' dir='ltr'><strong>Pand.</strong></span> <span class='ocrx_word' id='word_1_266' title='bbox 860 4134 957 4212; x_wconf 88' lang='lat' dir='ltr'><strong>Just.</strong></span> <span class='ocrx_word' id='word_1_267' title='bbox 974 4134 1026 4213; x_wconf 86' lang='lat' dir='ltr'><strong>ad</strong></span> <span class='ocrx_word' id='word_1_268' title='bbox 1036 4136 1077 4212; x_wconf 92' lang='lat' dir='ltr'><strong>L.</strong></span> <span class='ocrx_word' id='word_1_269' title='bbox 1090 4136 1297 4243; x_wconf 78' lang='lat' dir='ltr'>1‚§5ff.h.</span> <span class='ocrx_word' id='word_1_270' title='bbox 1307 4156 1335 4218; x_wconf 88' lang='lat' dir='ltr'><strong>t.</strong></span> <span class='ocrx_word' id='word_1_271' title='bbox 1351 4149 1653 4251; x_wconf 85' lang='lat' dir='ltr'><strong>comperissent,</strong></span> 
     </span>
     <span class='ocr_line' id='line_1_30' title="bbox 286 4255 1652 4374; baseline 0.001 -37"><span class='ocrx_word' id='word_1_272' title='bbox 286 4262 484 4338; x_wconf 86' lang='lat' dir='ltr'><strong>rationem</strong></span> <span class='ocrx_word' id='word_1_273' title='bbox 507 4257 616 4335; x_wconf 90' lang='lat' dir='ltr'><strong>illius</strong></span> <span class='ocrx_word' id='word_1_274' title='bbox 635 4255 876 4365; x_wconf 85' lang='lat' dir='ltr'><strong>disparitatis</strong></span> <span class='ocrx_word' id='word_1_275' title='bbox 897 4258 1113 4363; x_wconf 79' lang='lat' dir='ltr'><strong>provenire</strong></span> <span class='ocrx_word' id='word_1_276' title='bbox 1139 4286 1190 4338; x_wconf 81' lang='lat' dir='ltr'><strong>ex</strong></span> <span class='ocrx_word' id='word_1_277' title='bbox 1210 4288 1275 4361; x_wconf 91' lang='lat' dir='ltr'><strong>eo,</strong></span> <span class='ocrx_word' id='word_1_278' title='bbox 1294 4262 1406 4374; x_wconf 90' lang='lat' dir='ltr'><strong>quod</strong></span> <span class='ocrx_word' id='word_1_279' title='bbox 1424 4260 1652 4339; x_wconf 90' lang='lat' dir='ltr'><strong>dominium</strong></span> 
     </span>
     <span class='ocr_line' id='line_1_31' title="bbox 285 4376 1649 4493; baseline 0.005 -35"><span class='ocrx_word' id='word_1_280' title='bbox 285 4406 379 4493; x_wconf 89' lang='lat' dir='ltr'><strong>non</strong></span> <span class='ocrx_word' id='word_1_281' title='bbox 396 4381 447 4458; x_wconf 92' lang='lat' dir='ltr'><strong>sit</strong></span> <span class='ocrx_word' id='word_1_282' title='bbox 463 4377 559 4459; x_wconf 49' lang='lat' dir='ltr'><strong>*facti</strong></span> <span class='ocrx_word' id='word_1_283' title='bbox 586 4378 657 4459; x_wconf 90' lang='lat' dir='ltr'><strong>sed</strong></span> <span class='ocrx_word' id='word_1_284' title='bbox 672 4380 795 4487; x_wconf 83' lang='lat' dir='ltr'><strong>juris,</strong></span> <span class='ocrx_word' id='word_1_285' title='bbox 814 4376 996 4490; x_wconf 83' lang='lat' dir='ltr'><strong>adeoque</strong></span> <span class='ocrx_word' id='word_1_286' title='bbox 1018 4380 1105 4460; x_wconf 88' lang='lat' dir='ltr'><strong>sine</strong></span> <span class='ocrx_word' id='word_1_287' title='bbox 1126 4382 1212 4463; x_wconf 90' lang='lat' dir='ltr'><strong>ullo</strong></span> <span class='ocrx_word' id='word_1_288' title='bbox 1234 4385 1336 4467; x_wconf 85' lang='lat' dir='ltr'><strong>facto</strong></span> <span class='ocrx_word' id='word_1_289' title='bbox 1362 4400 1502 4463; x_wconf 90' lang='lat' dir='ltr'><strong>nostro</strong></span> <span class='ocrx_word' id='word_1_290' title='bbox 1529 4384 1649 4465; x_wconf 91' lang='lat' dir='ltr'><strong>nobis</strong></span> 
     </span>
    </p>
   </div>
   <div class='ocr_carea' id='block_1_5' title="bbox 287 4500 1652 4703">
    <p class='ocr_par' dir='ltr' id='par_1_5' title="bbox 287 4500 1652 4703">
     <span class='ocr_line' id='line_1_32' title="bbox 287 4500 1652 4613; baseline 0.004 -30"><span class='ocrx_word' id='word_1_291' title='bbox 287 4502 409 4583; x_wconf 89' lang='lat' dir='ltr'><strong>etiarn</strong></span> <span class='ocrx_word' id='word_1_292' title='bbox 428 4502 710 4607; x_wconf 85' lang='lat' dir='ltr'><strong>ignorantibus</strong></span> <span class='ocrx_word' id='word_1_293' title='bbox 727 4527 801 4608; x_wconf 91' lang='lat' dir='ltr'><strong>per</strong></span> <span class='ocrx_word' id='word_1_294' title='bbox 817 4526 903 4594; x_wconf 89' lang='lat' dir='ltr'><strong>eos,</strong></span> <span class='ocrx_word' id='word_1_295' title='bbox 926 4502 997 4610; x_wconf 92' lang='lat' dir='ltr'><strong>qui</strong></span> <span class='ocrx_word' id='word_1_296' title='bbox 1016 4500 1097 4609; x_wconf 88' lang='lat' dir='ltr'><strong>juri</strong></span> <span class='ocrx_word' id='word_1_297' title='bbox 1111 4523 1251 4585; x_wconf 87' lang='lat' dir='ltr'><strong>nostro</strong></span> <span class='ocrx_word' id='word_1_298' title='bbox 1269 4504 1439 4613; x_wconf 83' lang='lat' dir='ltr'><strong>subjecti</strong></span> <span class='ocrx_word' id='word_1_299' title='bbox 1456 4522 1570 4613; x_wconf 89' lang='lat' dir='ltr'><strong>sunt,</strong></span> <span class='ocrx_word' id='word_1_300' title='bbox 1587 4534 1652 4602; x_wconf 79' lang='lat' dir='ltr'><strong>ac·</strong></span> 
     </span>
     <span class='ocr_line' id='line_1_33' title="bbox 483 4626 1435 4703; baseline 0.006 -6"><span class='ocrx_word' id='word_1_301' title='bbox 483 4628 542 4699; x_wconf 91' lang='lat' dir='ltr'><strong>lll.</strong></span> <span class='ocrx_word' id='word_1_302' title='bbox 1413 4626 1435 4703; x_wconf 79' lang='grc'><strong><em>5</em></strong></span> 
     </span>
    </p>
   </div>
   <div class='ocr_carea' id='block_1_6' title="bbox 0 0 2267 5860">
    <p class='ocr_par' dir='ltr' id='par_1_6' title="bbox 0 0 2267 5860">
     <span class='ocr_line' id='line_1_34' title="bbox 0 0 2267 5860; baseline 0 0"><span class='ocrx_word' id='word_1_303' title='bbox 0 0 2267 5860; x_wconf 95' lang='lat' dir='ltr'><strong> </strong></span> 
     </span>
    </p>
   </div>
  </div>
 </body>
</html>
