4517 5867
217 657 222 666 -
316 597 700 696 constentino
723 614 790 691 so
813 616 1162 712 Qonsrronnn
1188 619 1518 698 transnanti.
1546 625 1592 700 st

223 800 362 884 solent
384 817 454 884 aut
470 798 634 904 obesse,
656 816 697 882 et
714 795 1027 882 continentil‘in
1046 801 1157 882 victu
1179 803 1292 882 omni
1316 819 1437 912 atque
1459 805 1595 909 cultu,

219 927 411 1034 corporis
430 922 574 1005 tuendi
599 923 754 1026 musal,
781 939 823 1002 et
849 915 1198 1030 praetermittendis
1221 921 1499 1031 voluptatibus
1515 929 1594 1031 (ι),

219 1063 433 1154 postremo
454 1062 538 1126 arte
557 1071 721 1146 eornm,
738 1069 914 1154 qnorum
936 1044 988 1125 ad
1011 1047 1219 1126 scientim
1242 1044 1325 1124 haec
1347 1048 1595 1152 pertinent.»

279 1167 368 1246 Nec
392 1182 552 1246 tantum
576 1159 700 1244 idest
726 1159 927 1270 agendum
960 1181 1009 1246 ut
1040 1190 1187 1274 corpus
1201 1165 1268 1245 'ab
1298 1169 1410 1246 omni
1443 1165 1599 1246 macuta

226 1286 504 1384 vindicemus,
522 1286 593 1366 sed
611 1289 782 1366 maxime
802 1289 922 1368 etiam
943 1303 1004 1367 est
1021 1285 1249 1367 curandum
1271 1304 1318 1366 ut
1334 1287 1514 1368 animum
1534 1287 1597 1365 in-

225 1423 389 1514 tegrum
420 1433 645 1518 sanumque
677 1433 892 1487 servemus
926 1409 1045 1488 «Nec
1071 1435 1171 1488 vero
1202 1412 1362 1516 corpori
1391 1409 1467 1488 soli
1500 1407 1597 1488 sub·

225 1527 491 1630 veniendum,
515 1529 587 1608 sed
608 1530 735 1608 menti
761 1546 882 1639 atque
905 1530 1040 1609 animo
1064 1529 1194 1630 multo
1220 1530 1373 1634 magis3
1398 1557 1491 1610 nam
1514 1529 1598 1610 haec

228 1675 431 1760 qnoque,
462 1650 538 1728 nisi
563 1666 756 1760 tunquam
777 1649 922 1729 lumini
949 1649 1086 1730 oleum
1113 1648 1297 1753 instilles,
1329 1653 1596 1757 exstinguitur

227 1788 473 1850 senectute.»
491 1771 586 1878 Cap.
607 1795 664 1849 ιι.
681 1775 707 1869 §
722 1766 784 1880 37.
802 1769 983 1876 Diligens
995 1787 1130 1852 autem
1147 1775 1328 1880 corporis
1347 1799 1444 1852 cura
1462 1774 1597 1851 animo

229 1916 398 1999 quoque
418 1890 602 1999 prodest,
626 1907 667 1971 et
685 1919 775 1999 quoe
791 1919 868 2000 pro
889 1892 1040 1972 tuendi
1058 1893 1240 2000 corporis
1261 1895 1430 1973 sanitate
1447 1920 1598 2002 propo·

228 2014 306 2090 sita
331 2030 426 2092 sunt
452 2013 652 2112 remedia,
677 2011 818 2092 eadem
841 2013 1015 2094 multum
1044 2014 1309 2094 contribuunt
1334 2013 1384 2094 ad
1417 2015 1598 2094 animum

226 2130 387 2212 salvum
412 2150 454 2212 et
483 2132 716 2210 incolumen
745 2133 1024 2237 praestandum.
1053 2134 1161 2234 Nam
1187 2136 1259 2240 qui
1295 2135 1598 2238 temperantiam

228 2251 580 2359 frugalitatemque
597 2250 642 2328 in
659 2248 835 2330 vivendo
852 2252 1039 2352 servant,
1064 2252 1138 2360 qui
1159 2253 1282 2331 animi
1301 2251 1468 2330 allectus
1485 2251 1596 2330 cohi-

229 2371 388 2473 buerit,
408 2373 480 2480 qni
498 2398 521 2449 a
537 2369 660 2449 rebus
679 2370 863 2448 venereis
881 2369 1120 2450 abstinuerit
1137 2383 1258 2480 atque
1273 2371 1442 2451 omnino
1455 2397 1597 2478 pravas

229 2489 424 2570 libidines
440 2488 739 2598 compresserit,
756 2490 791 2568 is
810 2505 1030 2600 utrumque
1051 2490 1254 2571 obtinebit
1277 2507 1317 2571 et
1334 2492 1515 2597 corporis
1537 2518 1599 2570 ro·

229 2608 316 2690 bur
339 2607 576 2716 firmamque
596 2603 684 2713 ejus
702 2605 952 2687 allectionem
975 2625 1016 2689 et
1033 2611 1157 2690 animi
1181 2610 1389 2690 sanitatem
1414 2637 1459 2688 ac
1479 2626 1598 2688 natu-

226 2730 358 2810 mlem
383 2727 598 2838 quamdam
625 2725 676 2805 ad
698 2726 808 2807 bona
833 2755 1003 2838 quaeque
1026 2727 1251 2837 peragenda
1269 2729 1544 2836 alacritatem(
1571 2730 1596 2830 ).

228 2853 323 2932 Hoc
338 2867 473 2929 tamen
491 2847 704 2956 utriusque
723 2851 884 2949 generis
903 2863 963 2925 est
980 2849 1196 2926 discrimen
1209 2847 1339 2955 quod,
1353 2865 1399 2926 ut
1416 2850 1598 2956 corporis

196 2991 199 2996 ’
230 2971 534 3053 exercitationes
555 2968 600 3045 in
627 2979 831 3044 senectute
863 2981 957 3047 sunt
982 2964 1235 3067 minuenda,
1260 2967 1317 3044 sie
1348 2967 1480 3045 studia
1510 2966 1598 3068 illa,

231 3095 277 3172 in
301 3089 452 3198 quibus
469 3084 648 3168 colendis
665 3085 875 3190 ingenium
894 3098 1090 3180 versatm,
1118 3085 1245 3188 magis
1269 3085 1390 3163 etiarn
1408 3101 1503 3163 sunt
1524 3111 1596 3164 au-

233 3203 377 3316 genda.
401 3209 535 3287 «Nam
553 3228 723 3311 corpora
747 3202 915 3312 quidem
938 3199 1218 3308 defatigatione
1245 3220 1286 3283 et
1309 3206 1591 3286 exercitatione

177 3379 180 3384 -
235 3333 538 3438 ingravescunt,
554 3325 677 3403 animi
699 3339 833 3402 autem
850 3319 1107 3401 exercitando
1124 3323 1317 3402 levantur.
1329 3355 1350 3397 s

292 3501 347 3578 Et
363 3499 421 3578 sic
438 3492 605 3605 quidem
622 3493 686 3572 vir
702 3488 881 3600 prudens
897 3492 1071 3599 quisque
1089 3517 1136 3569 ae
1152 3469 1282 3570 solers
1294 3491 1370 3600 ipsi
1384 3497 1600 3572 senectutis

239 3617 389 3699 morbo
406 3618 608 3716 renotem,
624 3638 719 3692 eum
735 3627 844 3691 certe
862 3610 1010 3690 virium
1027 3609 1218 3690 retinebit
1237 3601 1406 3692 modum
1424 3614 1495 3724 qui
1515 3612 1599 3692 suf-

287 3883 335 3975 (t)
357 3884 409 3952 sic
421 3882 560 3951 Stultos
569 3882 674 3974 Epist.
685 3879 802 3952 tvm.
818 3882 949 3950 «Potest
957 3881 1162 3968 aliquatenus
1172 3881 1282 3949 nostrl
1292 3883 1500 3971 providentii
1513 3904 1597 3972 pro-

240 3989 351 4077 rogari
370 3990 450 4056 huic
476 3988 673 4078 oor‘pusculo
687 4009 800 4070 mora,
816 3989 844 4053 si
861 3987 1044 4078 voluptates
1059 3986 1182 4076 quibus
1195 4007 1270 4076 pars
1289 3988 1398 4072 major
1418 3985 1598 4054 hominum

244 4093 352 4180 perit,
364 4094 549 4180 poterimus
560 4113 672 4180 regere
685 4103 717 4158 et
731 4095 920 4158 coemere.»

291 4240 340 4330 (a)
361 4241 575 4308 anmm
592 4259 642 4307 nn
658 4241 693 4306 δ’
711 4241 870 4328 Pmm,
888 4239 1069 4327 l'Arcadie,
1085 4263 1163 4332 pag.
1183 4237 1248 4308 504
1265 4253 1296 4308 et
1318 4241 1394 4308 305.
1408 4242 1511 4325 Item,
1523 4253 1599 4307 note

247 4369 323 4436 pag.
339 4345 415 4431 ⁵³9.
429 4341 581 4411 onum
591 4345 787 4433 eampum,
804 4327 1600 4430 rom.1v‚v01.astatadstat-nature,

151 4449 154 4454 ’
247 4453 300 4518 od·
313 4451 355 4519 de
366 4447 555 4534 bruxella,
571 4445 726 4518 Walrlen.
741 4449 947 4524 8v01.in-8.
965 4449 1048 4520 1820
1060 4464 1093 4518 et
1109 4451 1205 4520 1821.
