4517 5867
643 666 889 739 responso
913 666 978 736 sn
1001 622 1172 756 Quesr.
1195 668 1335 739 somn.
1625 694 1671 767 29
1770 748 1775 755 ,

236 914 239 921 «
304 876 436 933 vemas
459 845 564 929 aedes
583 848 755 958 amplius
772 872 856 928 non
874 848 1068 956 possidet,
1088 845 1201 929 deest
1224 850 1348 954 igitur
1368 851 1446 957 ipsi
1469 851 1670 954 detentio,

302 974 416 1055 deest
434 974 511 1081 ipsi
526 998 691 1083 quoque
711 973 868 1051 animus
889 970 966 1051 sihi
983 969 1178 1068 habendi,
1197 969 1310 1081 quod
1329 972 1494 1053 evidens
1513 972 1558 1053 fit
1575 1000 1670 1080 sup·

303 1096 514 1205 ponendo,
535 1092 647 1205 quod
667 1098 760 1205 quis
777 1096 912 1203 ipsum
931 1109 1063 1197 roget,
1076 1112 1216 1171 utrum
1232 1096 1346 1197 tigna
1366 1095 1589 1201 possideat,
1608 1098 1671 1175 in·
1813 1177 1820 1191 ,

304 1216 539 1297 dubitanter
567 1243 833 1322 responsurus
860 1232 938 1311 est,
964 1212 1078 1323 quod
1097 1240 1184 1294 non
1205 1213 1411 1322 possideat
1431 1218 1554 1321 tigna.
1576 1219 1671 1298 Non

283 1436 287 1443 .
304 1340 508 1419 immerito
527 1340 652 1444 igitur
669 1337 777 1442 leges
796 1339 850 1436 ei,
869 1338 941 1447 qui
960 1338 1168 1419 universas
1195 1334 1300 1416 aedes
1318 1334 1499 1445 possidet
1516 1363 1671 1443 posses·

303 1462 460 1538 sionem
485 1461 694 1569 tignorum
713 1486 761 1539 ex
785 1458 937 1569 quibus
966 1459 1079 1541 aedes¹
1096 1477 1333 1539 constructae
1358 1476 1474 1560 sunt,
1500 1458 1672 1566 denega·

302 1598 409 1661 runt
426 1579 553 1659 Aliter
562 1596 698 1661 tamen
709 1580 876 1690 placuit,
893 1584 927 1661 si
937 1584 1065 1689 tigna,
1077 1600 1291 1692 antequam
1309 1611 1356 1662 ea
1376 1586 1420 1661 in
1428 1582 1533 1662 aedes
1545 1583 1673 1692 conje-

304 1704 1673 1814 cisset,jamindepossideretL.3o,§1ff.deusurpetusuc.,eoquod

302 1827 433 1907 videri
454 1844 543 1907 'non
571 1843 704 1936 potest
726 1827 902 1906 amisisse
920 1826 1023 1931 tigni
1048 1826 1363 1934 possessionem,
1383 1844 1453 1907 aut
1481 1854 1571 1907 eam
1592 1826 1671 1907 sibi

302 1950 593 2051 intervertisse,
609 1948 708 2031 dnm
726 1951 833 2031 eain
852 1974 942 2035 suas
960 1946 1063 2033 sedes
1083 1947 1326 2065 conjecisset
1382 1994 1387 2003 ·

298 2248 306 2257 ,
355 2174 416 2251 Ex
434 2197 501 2270 eo,
520 2169 633 2280 quod
652 2170 703 2250 ad
720 2169 1006 2280 acquirendam
1023 2172 1318 2279 possessionem
1345 2171 1567 2281 requiritur
1585 2173 1671 2252 ani·

303 2318 394 2371 mus
412 2291 489 2371 sibi
503 2291 701 2390 habendi,
715 2318 968 2403 consequens
986 2308 1064 2396 est,
1079 2318 1220 2371 omnes
1237 2318 1328 2390 eos,
1343 2295 1416 2399 qui
1437 2291 1671 2398 possidendi

301 2416 425 2495 enimi
455 2433 550 2495 sunt
573 2418 803 2523 incapaces,
823 2442 899 2523 per
925 2432 1052 2495 semet
1073 2416 1182 2523 ipsos
1204 2413 1410 2523 possidere
1427 2442 1513 2493 non
1532 2440 1672 2523 posse,

300 2537 395 2617 licet
413 2564 538 2645 quam
564 2538 736 2615 maxime
763 2539 822 2616 rei
844 2539 1054 2635 insistant,
1080 2564 1175 2616 cum
1196 2536 1292 2647 alias
1318 2534 1527 2615 fatendum
1554 2534 1673 2633 foret,

299 2660 594 2766 possessionem
621 2659 707 2737 sine
740 2658 1056 2768 animo-acquiri
1082 2684 1210 2767 posse.
1234 2656 1341 2737 Hinc
1364 2657 1506 2737 furiosi
1536 2673 1578 2735 et
1596 2682 1673 2764 pu·
1753 2655 1755 2658 ’

300 2777 389 2885 pilli
417 2777 475 2855 nil
496 2803 572 2883 per
598 2802 640 2854 se
665 2778 873 2881 possidere
896 2770 1088 2881 possunt;
1107 2779 1151 2853 hi
1171 2783 1281 2855 enim
1308 2777 1561 2858 affectionem
1587 2804 1676 2883 pos·

302 2896 460 2979 sidendi
472 2924 557 2977 non
570 2895 720 2975 habent
731 2897 774 2978 L.
793 2922 825 2999 1,
836 2892 897 3001 §3
911 2893 951 2973 ii
961 2894 998 2973 h.
1014 2908 1041 2973 t.
1056 2894 1125 2974 Ob
1139 2892 1326 2973 eamdem
1336 2894 1536 2973 rationem
1544 2900 1674 2975 muni·

305 3018 612 3129 cipes,collegia
625 3018 786 3128 aliaque
798 3043 970 3125 corpora
980 3014 1149 3097 moralia
1158 3016 1454 3123 possessionem
1465 3015 1675 3125 acquirere

304 3144 537 3249 nequeunt,
554 3163 604 3219 eo
625 3138 739 3248 quod
752 3142 846 3239 uni,
864 3138 908 3218 id
929 3154 991 3219 est
1014 3137 1193 3217 universi
1218 3137 1446 3217 consentire
1470 3163 1556 3225 non
1579 3164 1674 3246 pos·

226 3261 229 3267 ’
304 3277 401 3341 sunt
414 3262 457 3337 L.
484 3286 523 3360 ι,
542 3264 570 3359 §
589 3286 639 3341 aa
654 3257 694 3337 ff.
715 3256 752 3337 h.
778 3274 824 3354 t.;
844 3257 1029 3337 utilitatis
1048 3274 1185 3339 tamen
1201 3260 1317 3339 causei
1332 3276 1474 3339 contra
1494 3262 1675 3338 strictam

172 3416 180 3425 ·
300 3381 402 3491 juris
418 3381 617 3461 rationem
636 3371 844 3488 receptum
857 3396 940 3478 est,
960 3378 1073 3489 quod
1091 3378 1170 3461 illse
1190 3406 1392 3490 personae,
1407 3406 1498 3487 quse
1515 3377 1674 3461 defectu

304 3506 428 3584 animi
449 3531 523 3611 per
537 3531 580 3583 se
596 3501 700 3583 nihil
720 3502 927 3610 possidere
946 3520 1133 3610 possunt,
1154 3496 1378 3585 ministerio
1396 3498 1561 3579 alterius
1581 3529 1675 3610 pos-

302 3626 435 3706 sidere
457 3624 746 3729 intelligantur.
768 3623 834 3703 Sic
860 3624 1086 3732 municipes
1107 3642 1148 3703 et
1168 3622 1337 3727 collegia
1359 3647 1433 3729 per
1453 3647 1617 3703 servum
1634 3642 1677 3704 et

302 3774 377 3855 per
401 3745 573 3827 liberam
597 3770 813 3855 personam
833 3760 881 3824 ut
905 3772 979 3852 per
996 3764 1191 3843 actorem,
1210 3744 1282 3852 qui
1302 3742 1390 3851 ejus
1408 3745 1575 3824 nomine
1588 3772 1677 3855 pos·

300 3870 525 3951 sessionem
547 3866 830 3976 apprehendit,
845 3864 1053 3973 possidere
1066 3864 1350 3969 intelliguntur
1367 3866 1410 3944 L.
1430 3893 1456 3945 n
1474 3863 1513 3944 ff.
1533 3865 1572 3943 h.
1591 3882 1617 3947 t.
1636 3883 1678 3947 et

303 3988 346 4067 L
368 4014 407 4095 7,
429 3987 520 4089 §3,
537 3988 577 4069 ff.
608 3988 661 4070 sd
679 3987 828 4084 exhib,
854 4014 945 4097 quae
967 3989 1026 4067 sic
1052 3984 1314 4093 intelligenda
1334 4004 1404 4067 est
1426 3988 1533 4067 Hinc
1556 3990 1676 4076 etiam

303 4108 444 4191 fitriosi
472 4125 514 4186 et
540 4112 688 4212 pupilli
714 4112 862 4181 tutoris
887 4107 1133 4186 curatorisve
1161 4108 1421 4208 auctoritate,
1451 4137 1542 4220 quoe
1569 4107 1674 4185 infir-

304 4257 419 4311 mum
442 4252 585 4307 eorum
606 4223 805 4333 judicium
822 4225 1005 4333 supplet,
1023 4228 1224 4336 incipiunt
1242 4231 1450 4339 possidere
1468 4235 1509 4304 L.
1530 4228 1672 4329 1,§3,

305 4352 349 4430 L.
362 4342 552 4451 3n,§nil
563 4345 637 4447 hs
650 4372 661 4443 ;
674 4362 888 4425 censentur
905 4348 1014 4425 enim
1026 4346 1186 4429 fictione
1196 4350 1294 4457 legis
1303 4352 1403 4433 velle
1421 4369 1542 4426 omne
1554 4348 1675 4456 illud,

305 4469 419 4582 quod
437 4484 592 4553 tutores
620 4484 875 4552 curatoresve
900 4496 1043 4550 eorum
1070 4473 1237 4553 nomine
1263 4486 1305 4549 et
1324 4470 1368 4549 in
1389 4468 1461 4548 sut
1481 4470 1673 4578 qualitate
