4517 5867
668 674 676 689 .
700 648 765 696 102
1010 681 1015 691 s
1080 624 1239 694 FRANC.
1263 622 1351 693 JAC.
1376 620 1665 737 scttOLLtEttr

753 819 807 894 At
826 837 922 893 vero
941 825 988 888 ut
1007 806 1338 911 redintegrationi
1359 813 1411 887 sit
1427 808 1657 907 locus,non
1670 805 1839 910 suffieit,
1853 828 1900 890 ut
1915 814 1957 893 in
1968 842 2060 922 pos-

701 937 876 1017 sessione
890 931 1026 1010 nostrai
1043 929 1274 1029 turbemur,
1290 929 1360 1007 sed
1374 929 1618 1035 requiritur,
1634 944 1681 1005 ut
1698 928 1743 1005 eti
1759 926 1902 1038 dejecti
1920 938 2061 1037 simus;
2106 1018 2107 1021 ,

699 1054 831 1136 tendit
840 1057 949 1131 enim
958 1036 1331 1157 adrecuperandam
1341 1051 1734 1158 possessionemque
1744 1052 1903 1159 spoliati
1916 1085 2060 1141 sumus.

701 1173 780 1255 Sed
796 1200 890 1253 oum
904 1174 1190 1280 redintegratio
1203 1171 1492 1281 complectatur
1507 1175 1876 1275 manutenentiam,
1891 1194 1938 1257 ut
1959 1199 2063 1288 patet

704 1329 752 1380 ex
769 1297 1018 1397 definitione,
1030 1324 1155 1407 quam
1170 1296 1221 1376 de
1236 1293 1578 1400 redintegratione
1596 1290 1664 1372 dat
1680 1296 1799 1375 nobis
1821 1302 1996 1381 Porurnu
2010 1305 2061 1409 (r)

705 1422 842 1503 dicens
863 1451 940 1501 :on
968 1423 1126 1529 appelle
1145 1420 1311 1501 t'action
1337 1447 1386 1497 en
1407 1414 1683 1523 reintegranda
1701 1417 1866 1499 l'actrbn
1887 1422 1939 1502 de
1960 1453 2062 1505 com·

698 1546 856 1654 plainte
877 1544 1096 1651 lorsqu'elle
1116 1560 1203 1641 ete,
1228 1542 1287 1641 ei,
1314 1540 1380 1618 cui
1400 1540 1592 1647 competit
1621 1538 1929 1647 redintegratio,
1954 1576 2064 1626 oom-

704 1672 807 1776 petit
826 1693 991 1775 quoque
1012 1665 1324 1745 manutenentia.
1919 1656 1922 1661 ’

759 1912 960 1992 Caeterum
980 1909 1116 1988 notari·
1133 1923 1286 2015 potest,
1307 1906 1351 1985 in
1370 1933 1465 1986 casu
1487 1904 1836 2011 redintegrationis
1853 1907 2063 2019 aliquando

705 2034 842 2112 locum
860 2058 944 2111 esse
964 2031 1269 2109 incarcerationi
1286 2028 1328 2135 (b
1342 2029 1377 2107 la
1393 2032 1617 2108 contrainte
1633 2056 1705 2135 par
1720 2030 1858 2137 corps)
1872 2048 1942 2111 art.
1961 2034 2063 2115 2060

706 2184 766 2233 nr.
787 2184 811 2233 2
836 2146 1059 2254 Cod.'Civ.,
1076 2153 1119 2230 id
1142 2150 1255 2260 quod
1282 2178 1366 2230 non
1390 2152 1548 2231 obtinet
1570 2152 1614 2230 in
1634 2179 1726 2231 casu
1748 2158 2064 2235 manutenentia.

706 2278 824 2353 Ratio
843 2302 940 2355 vero
959 2273 1199 2382 disparitatis
1220 2275 1400 2354 consistit
1420 2277 1464 2353 in
1483 2273 1676 2383 eo,quod
1694 2276 1747 2373 is,
1769 2277 1839 2385 qui
1860 2279 1900 2355 vi
1922 2306 2065 2385 posses

637 2411 645 2423 ‘
708 2400 819 2477 sione
840 2398 1016 2506 aliquem
1034 2394 1216 2499 dejiciat,
1237 2397 1365 2502 possit
1384 2423 1468 2475 non
1489 2396 1695 2500 ignorare,
1715 2425 1757 2477 se
1778 2396 1927 2477 factum
1952 2398 2064 2478 illici-

708 2538 797 2599 tum
821 2522 1091 2619 committere,
1115 2520 1150 2597 is
1176 2534 1334 2616 autem,
1358 2520 1430 2629 qui
1455 2518 1708 2598 solummodo
1732 2546 1999 2626 possessorem
2023 2523 2066 2599 in

712 2640 796 2747 ejus
812 2641 1061 2748 possessione
1079 2640 1239 2739 turbat,
1258 2640 1350 2720 facit
1369 2640 1447 2719 boc
1470 2640 1572 2721 forte
1592 2640 1696 2721 hona
1707 2639 1803 2740 fide,
1823 2644 1957 2751 potuit
1975 2670 2063 2721 ore*

711 2760 822 2865 dere,
835 2762 1281 2865 sibijuserretruendi3
1300 2792 1426 2867 quare
1445 2764 1552 2869 leges
1570 2765 1714 2843 merito
1730 2792 1827 2843 cum·
1838 2764 1908 2843 illo
1924 2763 2067 2844 durius

710 2912 831 2995 quam
851 2908 946 2963 cum
962 2878 1041 2960 hoc
1061 2895 1196 2985 agunt.
1217 2879 1321 2959 Cum
1339 2881 1422 2963 haee
1436 2884 1533 2992 jam,
1547 2915 1637 2999 quae
1657 2890 1709 2967 de
1728 2887 1953 2967 actionibus
1974 2914 2064 2995 pos·

712 3006 889 3085 sessoriis
908 3002 1028 3081 nobis
1046 3000 1177 3083 adhuc
1197 3001 1366 3082 dicenda
1385 3018 1563 3103 manent,
1577 3012 1808 3081 communia
1830 3010 1909 3083 sint
1933 3030 2062 3083 manu-

714 3128 899 3204 tenentiae
906 3142 946 3203 et
954 3123 1295 3229 redintegrationi,
1303 3150 1387 3201 non
1398 3123 1570 3231 amplius
1579 3124 1685 3204 inter
1694 3152 1759 3204 eas
1768 3124 2064 3230 distinguemus,

714 3248 785 3328 sed
803 3248 1039 3353 generaliter
1062 3245 1267 3326 dicemus:
1287 3264 1328 3327 1⁰
1352 3245 1406 3325 ob
1428 3272 1602 3357 quarum
1620 3274 1757 3327 rerum
1777 3249 2064 3355 possessionem

715 3371 890 3451 actiones
911 3372 1161 3479 possessoriae
1179 3369 1343 3471 dentur,
1362 3386 1408 3451 2⁰
1423 3368 1573 3479 quibus
1590 3370 1887 3477 possessoribus
1905 3386 2067 3479 compe*

716 3511 825 3591 tant,
843 3511 884 3573 et
902 3492 949 3576 3⁰
970 3494 1022 3575 de
1040 3494 1246 3593 formulis,
1263 3522 1354 3607 quse
1371 3494 1414 3577 in
1430 3492 1656 3579 actionibus
1676 3495 1914 3603 possessoris
1923 3492 2066 3577 ,obser-

716 3612 855 3693 vande
873 3636 976 3697 sunt
1972 3633 1976 3641 ·

761 3862 811 3951 (ι)
832 3862 941 3931 'l'rsitt
955 3863 998 3931 de
1013 3864 1045 3931 la
1060 3884 1194 3951 possess.
1210 3886 1258 3930 nr.
1273 3862 1336 3931 106
