<?xml version="1.0" encoding="UTF-8"?>
<!DOCTYPE html PUBLIC "-//W3C//DTD XHTML 1.0 Transitional//EN"
    "http://www.w3.org/TR/xhtml1/DTD/xhtml1-transitional.dtd">
<html xmlns="http://www.w3.org/1999/xhtml" xml:lang="en" lang="en">
 <head>
  <title>
</title>
<meta http-equiv="Content-Type" content="text/html;charset=utf-8" />
  <meta name='ocr-system' content='tesseract 3.04.00' />
  <meta name='ocr-capabilities' content='ocr_page ocr_carea ocr_par ocr_line ocrx_word'/>
</head>
<body>
  <div class='ocr_page' id='page_1' title='image "annalesacademia01goog_0448.png"; bbox 0 0 4517 5867; ppageno 0'>
   <div class='ocr_carea' id='block_1_1' title="bbox 624 636 1716 745">
    <p class='ocr_par' dir='ltr' id='par_1_1' title="bbox 624 636 1716 745">
     <span class='ocr_line' id='line_1_1' title="bbox 624 636 1716 745; baseline -0.016 -26"><span class='ocrx_word' id='word_1_1' title='bbox 624 645 671 739; x_wconf 72' lang='lat'>94</span> <span class='ocrx_word' id='word_1_2' title='bbox 1021 641 1179 714; x_wconf 78' lang='lat' dir='ltr'>mane</span> <span class='ocrx_word' id='word_1_3' title='bbox 1200 638 1289 711; x_wconf 81' lang='lat' dir='ltr'>uc.</span> <span class='ocrx_word' id='word_1_4' title='bbox 1315 636 1605 709; x_wconf 77' lang='lat' dir='ltr'>scnottamr</span> <span class='ocrx_word' id='word_1_5' title='bbox 1707 736 1716 745; x_wconf 10' lang='grc' dir='ltr'><strong>ἡ</strong></span> 
     </span>
    </p>
   </div>
   <div class='ocr_carea' id='block_1_2' title="bbox 620 824 1997 2410">
    <p class='ocr_par' dir='ltr' id='par_1_2' title="bbox 620 824 1997 2410">
     <span class='ocr_line' id='line_1_2' title="bbox 627 824 1994 946; baseline -0.01 -22"><span class='ocrx_word' id='word_1_6' title='bbox 627 868 786 946; x_wconf 70' lang='lat' dir='ltr'>nauum</span> <span class='ocrx_word' id='word_1_7' title='bbox 806 864 888 921; x_wconf 87' lang='lat' dir='ltr'>suae</span> <span class='ocrx_word' id='word_1_8' title='bbox 908 838 1177 937; x_wconf 78' lang='lat' dir='ltr'>detentionis,</span> <span class='ocrx_word' id='word_1_9' title='bbox 1194 837 1273 916; x_wconf 90' lang='lat' dir='ltr'>nisi</span> <span class='ocrx_word' id='word_1_10' title='bbox 1286 836 1578 943; x_wconf 87' lang='lat' dir='ltr'>possessionem</span> <span class='ocrx_word' id='word_1_11' title='bbox 1598 840 1777 906; x_wconf 86' lang='lat' dir='ltr'>nostram</span> <span class='ocrx_word' id='word_1_12' title='bbox 1796 824 1994 911; x_wconf 77' lang='lat' dir='ltr'>interret--</span> 
     </span>
     <span class='ocr_line' id='line_1_3' title="bbox 626 953 1992 1072; baseline -0.008 -29"><span class='ocrx_word' id='word_1_13' title='bbox 626 967 778 1045; x_wconf 88' lang='lat' dir='ltr'>tissent.</span> <span class='ocrx_word' id='word_1_14' title='bbox 800 963 853 1041; x_wconf 84' lang='lat' dir='ltr'>At</span> <span class='ocrx_word' id='word_1_15' title='bbox 871 962 1082 1072; x_wconf 78' lang='lat' dir='ltr'>quaeritur,</span> <span class='ocrx_word' id='word_1_16' title='bbox 1110 958 1211 1069; x_wconf 92' lang='lat' dir='ltr'>quid</span> <span class='ocrx_word' id='word_1_17' title='bbox 1228 958 1330 1067; x_wconf 86' lang='lat' dir='ltr'>juris</span> <span class='ocrx_word' id='word_1_18' title='bbox 1346 958 1400 1038; x_wconf 85' lang='lat' dir='ltr'>sit</span> <span class='ocrx_word' id='word_1_19' title='bbox 1415 956 1466 1036; x_wconf 90' lang='lat' dir='ltr'>de</span> <span class='ocrx_word' id='word_1_20' title='bbox 1483 980 1601 1056; x_wconf 74' lang='lat' dir='ltr'>casu,</span> <span class='ocrx_word' id='word_1_21' title='bbox 1618 976 1702 1062; x_wconf 88' lang='lat' dir='ltr'>quo</span> <span class='ocrx_word' id='word_1_22' title='bbox 1719 953 1918 1057; x_wconf 84' lang='lat' dir='ltr'>possessio</span> <span class='ocrx_word' id='word_1_23' title='bbox 1940 953 1992 1033; x_wconf 88' lang='lat' dir='ltr'>ab</span> 
     </span>
     <span class='ocr_line' id='line_1_4' title="bbox 624 1073 1995 1194; baseline -0.009 -30"><span class='ocrx_word' id='word_1_24' title='bbox 624 1090 722 1194; x_wconf 90' lang='lat' dir='ltr'>ipsis</span> <span class='ocrx_word' id='word_1_25' title='bbox 748 1083 938 1165; x_wconf 85' lang='lat' dir='ltr'>derelicta</span> <span class='ocrx_word' id='word_1_26' title='bbox 960 1082 1011 1163; x_wconf 88' lang='lat' dir='ltr'>ab</span> <span class='ocrx_word' id='word_1_27' title='bbox 1037 1081 1115 1163; x_wconf 90' lang='lat' dir='ltr'>alio</span> <span class='ocrx_word' id='word_1_28' title='bbox 1142 1099 1383 1191; x_wconf 84' lang='lat' dir='ltr'>occupatur,</span> <span class='ocrx_word' id='word_1_29' title='bbox 1404 1096 1474 1158; x_wconf 92' lang='lat' dir='ltr'>aut</span> <span class='ocrx_word' id='word_1_30' title='bbox 1500 1102 1584 1189; x_wconf 92' lang='lat' dir='ltr'>quo</span> <span class='ocrx_word' id='word_1_31' title='bbox 1609 1073 1905 1181; x_wconf 88' lang='lat' dir='ltr'>possessionem</span> <span class='ocrx_word' id='word_1_32' title='bbox 1930 1075 1995 1153; x_wconf 86' lang='lat' dir='ltr'>alii</span> 
     </span>
     <span class='ocr_line' id='line_1_5' title="bbox 625 1196 1995 1318; baseline -0.009 -31"><span class='ocrx_word' id='word_1_33' title='bbox 625 1205 893 1289; x_wconf 83' lang='lat' dir='ltr'>tradidissent.</span> <span class='ocrx_word' id='word_1_34' title='bbox 919 1206 1259 1318; x_wconf 87' lang='lat' dir='ltr'>Respondemus:</span> <span class='ocrx_word' id='word_1_35' title='bbox 1284 1205 1336 1285; x_wconf 92' lang='lat' dir='ltr'>de</span> <span class='ocrx_word' id='word_1_36' title='bbox 1360 1205 1457 1284; x_wconf 83' lang='lat' dir='ltr'>lure</span> <span class='ocrx_word' id='word_1_37' title='bbox 1480 1204 1663 1280; x_wconf 88' lang='lat' dir='ltr'>Romano</span> <span class='ocrx_word' id='word_1_38' title='bbox 1688 1197 1734 1277; x_wconf 90' lang='lat' dir='ltr'>in</span> <span class='ocrx_word' id='word_1_39' title='bbox 1759 1196 1889 1302; x_wconf 84' lang='lat' dir='ltr'>priori</span> <span class='ocrx_word' id='word_1_40' title='bbox 1911 1222 1995 1275; x_wconf 90' lang='lat' dir='ltr'>non</span> 
     </span>
     <span class='ocr_line' id='line_1_6' title="bbox 623 1318 1994 1441; baseline -0.006 -34"><span class='ocrx_word' id='word_1_41' title='bbox 623 1358 720 1411; x_wconf 87' lang='lat' dir='ltr'>vero</span> <span class='ocrx_word' id='word_1_42' title='bbox 739 1332 784 1410; x_wconf 92' lang='lat' dir='ltr'>in</span> <span class='ocrx_word' id='word_1_43' title='bbox 805 1333 1020 1441; x_wconf 88' lang='lat' dir='ltr'>posteriori</span> <span class='ocrx_word' id='word_1_44' title='bbox 1039 1359 1134 1413; x_wconf 87' lang='lat' dir='ltr'>casu</span> <span class='ocrx_word' id='word_1_45' title='bbox 1153 1328 1405 1409; x_wconf 82' lang='lat' dir='ltr'>retinebatur</span> <span class='ocrx_word' id='word_1_46' title='bbox 1419 1325 1638 1436; x_wconf 73' lang='lat' dir='ltr'>possessio,</span> <span class='ocrx_word' id='word_1_47' title='bbox 1656 1320 1718 1398; x_wconf 92' lang='lat' dir='ltr'>uti</span> <span class='ocrx_word' id='word_1_48' title='bbox 1730 1346 1807 1399; x_wconf 88' lang='lat' dir='ltr'>suo</span> <span class='ocrx_word' id='word_1_49' title='bbox 1825 1318 1916 1398; x_wconf 93' lang='lat' dir='ltr'>loco</span> <span class='ocrx_word' id='word_1_50' title='bbox 1934 1321 1994 1399; x_wconf 86' lang='lat' dir='ltr'>vi·</span> 
     </span>
     <span class='ocr_line' id='line_1_7' title="bbox 625 1443 1993 1557; baseline -0.008 -27"><span class='ocrx_word' id='word_1_51' title='bbox 625 1451 784 1551; x_wconf 86' lang='lat' dir='ltr'>dimus;</span> <span class='ocrx_word' id='word_1_52' title='bbox 812 1472 853 1533; x_wconf 90' lang='lat' dir='ltr'>at</span> <span class='ocrx_word' id='word_1_53' title='bbox 879 1482 978 1533; x_wconf 81' lang='lat' dir='ltr'>vero</span> <span class='ocrx_word' id='word_1_54' title='bbox 1013 1453 1064 1531; x_wconf 89' lang='lat' dir='ltr'>de</span> <span class='ocrx_word' id='word_1_55' title='bbox 1097 1454 1119 1531; x_wconf 86' lang='lat' dir='ltr'>J</span> <span class='ocrx_word' id='word_1_56' title='bbox 1123 1478 1195 1529; x_wconf 90' lang='lat' dir='ltr'>ure</span> <span class='ocrx_word' id='word_1_57' title='bbox 1222 1448 1432 1527; x_wconf 87' lang='lat' dir='ltr'>Hodierno</span> <span class='ocrx_word' id='word_1_58' title='bbox 1459 1464 1674 1557; x_wconf 85' lang='lat' dir='ltr'>putamus,</span> <span class='ocrx_word' id='word_1_59' title='bbox 1700 1443 1993 1549; x_wconf 82' lang='lat' dir='ltr'>possessionem</span> 
     </span>
     <span class='ocr_line' id='line_1_8' title="bbox 623 1562 1989 1679; baseline -0.005 -28"><span class='ocrx_word' id='word_1_60' title='bbox 623 1576 855 1655; x_wconf 88' lang='lat' dir='ltr'>indistincte</span> <span class='ocrx_word' id='word_1_61' title='bbox 894 1576 1024 1653; x_wconf 89' lang='lat' dir='ltr'>amitti</span> <span class='ocrx_word' id='word_1_62' title='bbox 1064 1575 1110 1651; x_wconf 74' lang='lat' dir='ltr'>ed</span> <span class='ocrx_word' id='word_1_63' title='bbox 1146 1574 1337 1671; x_wconf 81' lang='lat' dir='ltr'>ratione,</span> <span class='ocrx_word' id='word_1_64' title='bbox 1372 1570 1486 1679; x_wconf 89' lang='lat' dir='ltr'>quod</span> <span class='ocrx_word' id='word_1_65' title='bbox 1519 1596 1569 1647; x_wconf 83' lang='lat' dir='ltr'>ex</span> <span class='ocrx_word' id='word_1_66' title='bbox 1601 1583 1672 1646; x_wconf 88' lang='lat' dir='ltr'>art.</span> <span class='ocrx_word' id='word_1_67' title='bbox 1704 1564 1785 1660; x_wconf 69' lang='lat'>614</span> <span class='ocrx_word' id='word_1_68' title='bbox 1816 1580 1858 1643; x_wconf 90' lang='lat' dir='ltr'>et</span> <span class='ocrx_word' id='word_1_69' title='bbox 1891 1562 1989 1670; x_wconf 80' lang='lat'>1768</span> 
     </span>
     <span class='ocr_line' id='line_1_9' title="bbox 625 1685 1994 1800; baseline -0.006 -27"><span class='ocrx_word' id='word_1_70' title='bbox 625 1694 723 1773; x_wconf 89' lang='lat' dir='ltr'>Cod.</span> <span class='ocrx_word' id='word_1_71' title='bbox 751 1696 836 1773; x_wconf 89' lang='lat' dir='ltr'>Civ.</span> <span class='ocrx_word' id='word_1_72' title='bbox 864 1694 996 1774; x_wconf 89' lang='lat' dir='ltr'>alieno</span> <span class='ocrx_word' id='word_1_73' title='bbox 1025 1694 1191 1771; x_wconf 88' lang='lat' dir='ltr'>nomine</span> <span class='ocrx_word' id='word_1_74' title='bbox 1216 1718 1422 1800; x_wconf 88' lang='lat' dir='ltr'>possessor</span> <span class='ocrx_word' id='word_1_75' title='bbox 1443 1708 1627 1770; x_wconf 85' lang='lat' dir='ltr'>teneatur</span> <span class='ocrx_word' id='word_1_76' title='bbox 1646 1685 1763 1766; x_wconf 87' lang='lat' dir='ltr'>fundi</span> <span class='ocrx_word' id='word_1_77' title='bbox 1784 1712 1994 1777; x_wconf 66' lang='lat' dir='ltr'>conserva:</span> 
     </span>
     <span class='ocr_line' id='line_1_10' title="bbox 623 1798 1995 1923; baseline -0.006 -30"><span class='ocrx_word' id='word_1_78' title='bbox 623 1816 727 1894; x_wconf 88' lang='lat' dir='ltr'>tioni</span> <span class='ocrx_word' id='word_1_79' title='bbox 747 1816 976 1921; x_wconf 81' lang='lat' dir='ltr'>invigilare,</span> <span class='ocrx_word' id='word_1_80' title='bbox 995 1814 1290 1923; x_wconf 91' lang='lat' dir='ltr'>dominumque</span> <span class='ocrx_word' id='word_1_81' title='bbox 1309 1813 1386 1891; x_wconf 91' lang='lat' dir='ltr'>sub</span> <span class='ocrx_word' id='word_1_82' title='bbox 1404 1798 1522 1919; x_wconf 66' lang='lat' dir='ltr'>paeni</span> <span class='ocrx_word' id='word_1_83' title='bbox 1538 1812 1671 1889; x_wconf 91' lang='lat' dir='ltr'>omnis</span> <span class='ocrx_word' id='word_1_84' title='bbox 1694 1811 1885 1888; x_wconf 87' lang='lat' dir='ltr'>interesse</span> <span class='ocrx_word' id='word_1_85' title='bbox 1905 1836 1995 1887; x_wconf 90' lang='lat' dir='ltr'>mo·</span> 
     </span>
     <span class='ocr_line' id='line_1_11' title="bbox 623 1932 1995 2046; baseline -0.004 -31"><span class='ocrx_word' id='word_1_86' title='bbox 623 1964 740 2039; x_wconf 79' lang='lat' dir='ltr'>nere,</span> <span class='ocrx_word' id='word_1_87' title='bbox 755 1940 785 2017; x_wconf 90' lang='lat' dir='ltr'>si</span> <span class='ocrx_word' id='word_1_88' title='bbox 810 1939 901 2045; x_wconf 91' lang='lat' dir='ltr'>quis</span> <span class='ocrx_word' id='word_1_89' title='bbox 922 1936 1112 2036; x_wconf 74' lang='lat' dir='ltr'>fundum,</span> <span class='ocrx_word' id='word_1_90' title='bbox 1128 1962 1253 2046; x_wconf 88' lang='lat' dir='ltr'>quem</span> <span class='ocrx_word' id='word_1_91' title='bbox 1267 1935 1355 2043; x_wconf 86' lang='lat' dir='ltr'>ejus</span> <span class='ocrx_word' id='word_1_92' title='bbox 1372 1934 1538 2014; x_wconf 90' lang='lat' dir='ltr'>nomine</span> <span class='ocrx_word' id='word_1_93' title='bbox 1552 1934 1726 2023; x_wconf 88' lang='lat' dir='ltr'>detinet,</span> <span class='ocrx_word' id='word_1_94' title='bbox 1738 1932 1858 2011; x_wconf 82' lang='lat' dir='ltr'>vellet</span> <span class='ocrx_word' id='word_1_95' title='bbox 1875 1959 1995 2012; x_wconf 90' lang='lat' dir='ltr'>oceu-</span> 
     </span>
     <span class='ocr_line' id='line_1_12' title="bbox 622 2055 1995 2169; baseline -0.003 -31"><span class='ocrx_word' id='word_1_96' title='bbox 622 2059 852 2165; x_wconf 79' lang='lat' dir='ltr'>pare,unde</span> <span class='ocrx_word' id='word_1_97' title='bbox 867 2062 1068 2169; x_wconf 89' lang='lat' dir='ltr'>sequitur,</span> <span class='ocrx_word' id='word_1_98' title='bbox 1080 2076 1127 2137; x_wconf 92' lang='lat' dir='ltr'>ut</span> <span class='ocrx_word' id='word_1_99' title='bbox 1140 2060 1264 2136; x_wconf 87' lang='lat' dir='ltr'>etiam</span> <span class='ocrx_word' id='word_1_100' title='bbox 1277 2074 1387 2165; x_wconf 89' lang='lat' dir='ltr'>patet</span> <span class='ocrx_word' id='word_1_101' title='bbox 1401 2084 1450 2137; x_wconf 79' lang='lat' dir='ltr'>ex</span> <span class='ocrx_word' id='word_1_102' title='bbox 1465 2075 1538 2137; x_wconf 81' lang='lat' dir='ltr'>att.</span> <span class='ocrx_word' id='word_1_103' title='bbox 1557 2085 1667 2166; x_wconf 79' lang='lat'><strong>2229·</strong></span> <span class='ocrx_word' id='word_1_104' title='bbox 1678 2055 1777 2137; x_wconf 92' lang='lat' dir='ltr'>Cod.</span> <span class='ocrx_word' id='word_1_105' title='bbox 1788 2057 1995 2159; x_wconf 85' lang='lat' dir='ltr'>Civ.‚eum</span> 
     </span>
     <span class='ocr_line' id='line_1_13' title="bbox 620 2180 1997 2291; baseline -0.001 -34"><span class='ocrx_word' id='word_1_106' title='bbox 620 2183 693 2289; x_wconf 86' lang='lat' dir='ltr'>qui</span> <span class='ocrx_word' id='word_1_107' title='bbox 731 2180 906 2260; x_wconf 83' lang='lat' dir='ltr'>fundum</span> <span class='ocrx_word' id='word_1_108' title='bbox 939 2198 1149 2290; x_wconf 82' lang='lat' dir='ltr'>tamquam</span> <span class='ocrx_word' id='word_1_109' title='bbox 1189 2180 1428 2260; x_wconf 86' lang='lat' dir='ltr'>derelictum</span> <span class='ocrx_word' id='word_1_110' title='bbox 1462 2182 1526 2261; x_wconf 88' lang='lat' dir='ltr'>vel</span> <span class='ocrx_word' id='word_1_111' title='bbox 1561 2199 1771 2291; x_wconf 75' lang='lat' dir='ltr'>tamquam</span> <span class='ocrx_word' id='word_1_112' title='bbox 1802 2180 1997 2260; x_wconf 88' lang='lat' dir='ltr'>traditum</span> 
     </span>
     <span class='ocr_line' id='line_1_14' title="bbox 622 2300 1996 2410; baseline 0.001 -31"><span class='ocrx_word' id='word_1_113' title='bbox 622 2300 674 2379; x_wconf 90' lang='lat' dir='ltr'>ab</span> <span class='ocrx_word' id='word_1_114' title='bbox 699 2302 773 2402; x_wconf 80' lang='lat' dir='ltr'>iis,</span> <span class='ocrx_word' id='word_1_115' title='bbox 804 2304 877 2410; x_wconf 92' lang='lat' dir='ltr'>qui</span> <span class='ocrx_word' id='word_1_116' title='bbox 905 2328 1000 2381; x_wconf 89' lang='lat' dir='ltr'>eum</span> <span class='ocrx_word' id='word_1_117' title='bbox 1028 2302 1161 2383; x_wconf 89' lang='lat' dir='ltr'>alieno</span> <span class='ocrx_word' id='word_1_118' title='bbox 1186 2306 1353 2383; x_wconf 90' lang='lat' dir='ltr'>nomine</span> <span class='ocrx_word' id='word_1_119' title='bbox 1382 2302 1665 2410; x_wconf 75' lang='lat' dir='ltr'>possidebant,</span> <span class='ocrx_word' id='word_1_120' title='bbox 1694 2301 1878 2383; x_wconf 86' lang='lat' dir='ltr'>detineat</span> <span class='ocrx_word' id='word_1_121' title='bbox 1902 2328 1996 2381; x_wconf 88' lang='lat' dir='ltr'>cum</span> 
     </span>
    </p>
   </div>
   <div class='ocr_carea' id='block_1_3' title="bbox 621 2423 1996 2653">
    <p class='ocr_par' dir='ltr' id='par_1_3' title="bbox 621 2423 1996 2653">
     <span class='ocr_line' id='line_1_15' title="bbox 622 2423 1996 2531; baseline 0.001 -30"><span class='ocrx_word' id='word_1_122' title='bbox 622 2424 760 2504; x_wconf 88' lang='lat' dir='ltr'>animo</span> <span class='ocrx_word' id='word_1_123' title='bbox 773 2423 852 2503; x_wconf 90' lang='lat' dir='ltr'>sibi</span> <span class='ocrx_word' id='word_1_124' title='bbox 873 2424 1070 2522; x_wconf 85' lang='lat' dir='ltr'>habendi,</span> <span class='ocrx_word' id='word_1_125' title='bbox 1090 2454 1175 2505; x_wconf 91' lang='lat' dir='ltr'>non</span> <span class='ocrx_word' id='word_1_126' title='bbox 1193 2425 1327 2503; x_wconf 89' lang='lat' dir='ltr'>solnm</span> <span class='ocrx_word' id='word_1_127' title='bbox 1345 2427 1638 2531; x_wconf 87' lang='lat' dir='ltr'>possessionem</span> <span class='ocrx_word' id='word_1_128' title='bbox 1657 2426 1730 2501; x_wconf 89' lang='lat' dir='ltr'>sed</span> <span class='ocrx_word' id='word_1_129' title='bbox 1754 2445 1797 2503; x_wconf 89' lang='lat' dir='ltr'>et</span> <span class='ocrx_word' id='word_1_130' title='bbox 1812 2428 1996 2531; x_wconf 87' lang='lat' dir='ltr'>proprie·</span> 
     </span>
     <span class='ocr_line' id='line_1_16' title="bbox 621 2543 1993 2653; baseline -0.001 -30"><span class='ocrx_word' id='word_1_131' title='bbox 621 2560 746 2623; x_wconf 88' lang='lat' dir='ltr'>tatem</span> <span class='ocrx_word' id='word_1_132' title='bbox 773 2574 848 2651; x_wconf 89' lang='lat' dir='ltr'>per</span> <span class='ocrx_word' id='word_1_133' title='bbox 869 2549 1213 2653; x_wconf 84' lang='lat' dir='ltr'>proescriptionem</span> <span class='ocrx_word' id='word_1_134' title='bbox 1231 2546 1455 2652; x_wconf 87' lang='lat' dir='ltr'>acquirere;</span> <span class='ocrx_word' id='word_1_135' title='bbox 1472 2546 1528 2620; x_wconf 88' lang='lat' dir='ltr'>ita</span> <span class='ocrx_word' id='word_1_136' title='bbox 1546 2560 1592 2619; x_wconf 91' lang='lat' dir='ltr'>ut</span> <span class='ocrx_word' id='word_1_137' title='bbox 1609 2543 1802 2621; x_wconf 90' lang='lat' dir='ltr'>dominus</span> <span class='ocrx_word' id='word_1_138' title='bbox 1819 2544 1872 2621; x_wconf 89' lang='lat' dir='ltr'>de</span> <span class='ocrx_word' id='word_1_139' title='bbox 1893 2548 1993 2623; x_wconf 81' lang='lat' dir='ltr'>lure</span> 
     </span>
    </p>
   </div>
   <div class='ocr_carea' id='block_1_4' title="bbox 620 2663 1988 2893">
    <p class='ocr_par' dir='ltr' id='par_1_4' title="bbox 620 2663 1988 2893">
     <span class='ocr_line' id='line_1_17' title="bbox 620 2663 1988 2774; baseline 0.003 -33"><span class='ocrx_word' id='word_1_140' title='bbox 620 2664 828 2747; x_wconf 88' lang='lat' dir='ltr'>Hodierno</span> <span class='ocrx_word' id='word_1_141' title='bbox 851 2682 1008 2744; x_wconf 86' lang='lat' dir='ltr'>tantum</span> <span class='ocrx_word' id='word_1_142' title='bbox 1031 2665 1175 2744; x_wconf 87' lang='lat' dir='ltr'>babeat</span> <span class='ocrx_word' id='word_1_143' title='bbox 1196 2666 1394 2743; x_wconf 87' lang='lat' dir='ltr'>actionem</span> <span class='ocrx_word' id='word_1_144' title='bbox 1418 2678 1697 2767; x_wconf 72' lang='lat' dir='ltr'>contrusam,</span> <span class='ocrx_word' id='word_1_145' title='bbox 1718 2666 1791 2774; x_wconf 91' lang='lat' dir='ltr'>qui</span> <span class='ocrx_word' id='word_1_146' title='bbox 1815 2663 1988 2745; x_wconf 83' lang='lat' dir='ltr'>fundum</span> 
     </span>
     <span class='ocr_line' id='line_1_18' title="bbox 620 2784 1123 2893; baseline -0.022 -30"><span class='ocrx_word' id='word_1_147' title='bbox 620 2784 705 2893; x_wconf 87' lang='lat' dir='ltr'>ejus</span> <span class='ocrx_word' id='word_1_148' title='bbox 722 2787 892 2865; x_wconf 73' lang='lat' dir='ltr'>nomino</span> <span class='ocrx_word' id='word_1_149' title='bbox 903 2786 1123 2855; x_wconf 69' lang='lat' dir='ltr'>desinebat.</span> 
     </span>
    </p>
   </div>
   <div class='ocr_carea' id='block_1_5' title="bbox 618 2988 1993 4074">
    <p class='ocr_par' dir='ltr' id='par_1_5' title="bbox 618 2988 1993 4074">
     <span class='ocr_line' id='line_1_19' title="bbox 674 2988 1990 3097; baseline 0.005 -26"><span class='ocrx_word' id='word_1_150' title='bbox 674 2990 894 3095; x_wconf 90' lang='lat' dir='ltr'>Quomodo</span> <span class='ocrx_word' id='word_1_151' title='bbox 909 2989 1106 3069; x_wconf 89' lang='lat' dir='ltr'>amittitur</span> <span class='ocrx_word' id='word_1_152' title='bbox 1118 2988 1571 3094; x_wconf 80' lang='lat' dir='ltr'>possessiolAmittitur‚</span> <span class='ocrx_word' id='word_1_153' title='bbox 1582 3006 1628 3069; x_wconf 92' lang='lat' dir='ltr'>ut</span> <span class='ocrx_word' id='word_1_154' title='bbox 1637 2989 1688 3071; x_wconf 90' lang='lat' dir='ltr'>de</span> <span class='ocrx_word' id='word_1_155' title='bbox 1697 2993 1720 3071; x_wconf 88' lang='lat' dir='ltr'><strong>J</strong></span> <span class='ocrx_word' id='word_1_156' title='bbox 1721 3020 1795 3073; x_wconf 85' lang='lat' dir='ltr'>ure</span> <span class='ocrx_word' id='word_1_157' title='bbox 1805 3022 1990 3097; x_wconf 87' lang='lat' dir='ltr'>romano,</span> 
     </span>
     <span class='ocr_line' id='line_1_20' title="bbox 619 3109 1992 3201; baseline 0.007 -10"><span class='ocrx_word' id='word_1_158' title='bbox 619 3113 683 3191; x_wconf 88' lang='lat' dir='ltr'>vel</span> <span class='ocrx_word' id='word_1_159' title='bbox 714 3112 834 3191; x_wconf 90' lang='lat' dir='ltr'>nobis</span> <span class='ocrx_word' id='word_1_160' title='bbox 866 3110 1097 3189; x_wconf 86' lang='lat' dir='ltr'>volentibus</span> <span class='ocrx_word' id='word_1_161' title='bbox 1129 3109 1194 3188; x_wconf 86' lang='lat' dir='ltr'>vel</span> <span class='ocrx_word' id='word_1_162' title='bbox 1221 3110 1341 3189; x_wconf 90' lang='lat' dir='ltr'>nobis</span> <span class='ocrx_word' id='word_1_163' title='bbox 1368 3112 1515 3191; x_wconf 86' lang='lat' dir='ltr'>invitis.</span> <span class='ocrx_word' id='word_1_164' title='bbox 1543 3112 1738 3193; x_wconf 88' lang='lat' dir='ltr'>Volentes</span> <span class='ocrx_word' id='word_1_165' title='bbox 1769 3121 1992 3201; x_wconf 87' lang='lat' dir='ltr'>amittimus</span> 
     </span>
     <span class='ocr_line' id='line_1_21' title="bbox 620 3229 1993 3343; baseline 0.007 -32"><span class='ocrx_word' id='word_1_166' title='bbox 620 3234 935 3343; x_wconf 78' lang='lat' dir='ltr'>possessionem,</span> <span class='ocrx_word' id='word_1_167' title='bbox 952 3234 985 3311; x_wconf 92' lang='lat' dir='ltr'>si</span> <span class='ocrx_word' id='word_1_168' title='bbox 1004 3258 1092 3309; x_wconf 89' lang='lat' dir='ltr'>rem</span> <span class='ocrx_word' id='word_1_169' title='bbox 1110 3257 1186 3337; x_wconf 89' lang='lat' dir='ltr'>pro</span> <span class='ocrx_word' id='word_1_170' title='bbox 1205 3229 1395 3311; x_wconf 69' lang='lat' dir='ltr'>derelicta</span> <span class='ocrx_word' id='word_1_171' title='bbox 1413 3230 1652 3335; x_wconf 81' lang='lat' dir='ltr'>habeamus,</span> <span class='ocrx_word' id='word_1_172' title='bbox 1667 3235 1733 3315; x_wconf 85' lang='lat' dir='ltr'>vel</span> <span class='ocrx_word' id='word_1_173' title='bbox 1750 3238 1785 3315; x_wconf 89' lang='lat' dir='ltr'>si</span> <span class='ocrx_word' id='word_1_174' title='bbox 1801 3264 1891 3319; x_wconf 90' lang='lat' dir='ltr'>eam</span> <span class='ocrx_word' id='word_1_175' title='bbox 1907 3243 1993 3321; x_wconf 86' lang='lat' dir='ltr'>aliis</span> 
     </span>
     <span class='ocr_line' id='line_1_22' title="bbox 618 3353 1989 3465; baseline 0.004 -31"><span class='ocrx_word' id='word_1_176' title='bbox 618 3354 845 3451; x_wconf 80' lang='lat' dir='ltr'>tradamus3</span> <span class='ocrx_word' id='word_1_177' title='bbox 869 3353 1036 3434; x_wconf 85' lang='lat' dir='ltr'>traditio</span> <span class='ocrx_word' id='word_1_178' title='bbox 1063 3354 1175 3433; x_wconf 89' lang='lat' dir='ltr'>enim</span> <span class='ocrx_word' id='word_1_179' title='bbox 1197 3353 1300 3433; x_wconf 92' lang='lat' dir='ltr'>nibil</span> <span class='ocrx_word' id='word_1_180' title='bbox 1326 3353 1437 3434; x_wconf 90' lang='lat' dir='ltr'>aliud</span> <span class='ocrx_word' id='word_1_181' title='bbox 1464 3372 1526 3435; x_wconf 83' lang='lat' dir='ltr'>est</span> <span class='ocrx_word' id='word_1_182' title='bbox 1552 3384 1674 3465; x_wconf 86' lang='lat' dir='ltr'>quam</span> <span class='ocrx_word' id='word_1_183' title='bbox 1696 3360 1904 3442; x_wconf 81' lang='lat' dir='ltr'>translatio</span> <span class='ocrx_word' id='word_1_184' title='bbox 1930 3364 1989 3441; x_wconf 89' lang='lat' dir='ltr'>rei</span> 
     </span>
     <span class='ocr_line' id='line_1_23' title="bbox 622 3477 1987 3587; baseline 0.003 -30"><span class='ocrx_word' id='word_1_185' title='bbox 622 3478 792 3557; x_wconf 81' lang='lat' dir='ltr'>venditae</span> <span class='ocrx_word' id='word_1_186' title='bbox 806 3478 849 3557; x_wconf 90' lang='lat' dir='ltr'>in</span> <span class='ocrx_word' id='word_1_187' title='bbox 864 3493 1102 3585; x_wconf 88' lang='lat' dir='ltr'>potestatem</span> <span class='ocrx_word' id='word_1_188' title='bbox 1115 3492 1157 3556; x_wconf 92' lang='lat' dir='ltr'>et</span> <span class='ocrx_word' id='word_1_189' title='bbox 1167 3477 1461 3584; x_wconf 81' lang='lat' dir='ltr'>possessionem</span> <span class='ocrx_word' id='word_1_190' title='bbox 1472 3480 1669 3587; x_wconf 86' lang='lat' dir='ltr'>emptoris</span> <span class='ocrx_word' id='word_1_191' title='bbox 1683 3496 1754 3559; x_wconf 90' lang='lat' dir='ltr'>art.</span> <span class='ocrx_word' id='word_1_192' title='bbox 1776 3482 1876 3579; x_wconf 67' lang='lat'><strong>1602.</strong></span> <span class='ocrx_word' id='word_1_193' title='bbox 1891 3483 1987 3563; x_wconf 91' lang='lat' dir='ltr'>Cod.</span> 
     </span>
     <span class='ocr_line' id='line_1_24' title="bbox 621 3596 1982 3708; baseline 0.005 -34"><span class='ocrx_word' id='word_1_194' title='bbox 621 3596 706 3675; x_wconf 87' lang='lat' dir='ltr'>Civ.</span> <span class='ocrx_word' id='word_1_195' title='bbox 730 3598 849 3673; x_wconf 90' lang='lat' dir='ltr'>Inviti</span> <span class='ocrx_word' id='word_1_196' title='bbox 877 3626 976 3677; x_wconf 89' lang='lat' dir='ltr'>vero</span> <span class='ocrx_word' id='word_1_197' title='bbox 997 3600 1220 3679; x_wconf 87' lang='lat' dir='ltr'>amittimus</span> <span class='ocrx_word' id='word_1_198' title='bbox 1241 3600 1534 3706; x_wconf 85' lang='lat' dir='ltr'>possessiouem</span> <span class='ocrx_word' id='word_1_199' title='bbox 1555 3601 1743 3708; x_wconf 87' lang='lat' dir='ltr'>pluribus</span> <span class='ocrx_word' id='word_1_200' title='bbox 1765 3631 1814 3682; x_wconf 85' lang='lat' dir='ltr'>ex</span> <span class='ocrx_word' id='word_1_201' title='bbox 1839 3604 1982 3700; x_wconf 81' lang='lat' dir='ltr'>causis,</span> 
     </span>
     <span class='ocr_line' id='line_1_25' title="bbox 621 3718 1985 3829; baseline 0.004 -32"><span class='ocrx_word' id='word_1_202' title='bbox 621 3734 682 3815; x_wconf 85' lang='lat' dir='ltr'>ut,</span> <span class='ocrx_word' id='word_1_203' title='bbox 694 3718 727 3795; x_wconf 90' lang='lat' dir='ltr'>si</span> <span class='ocrx_word' id='word_1_204' title='bbox 738 3742 787 3797; x_wconf 86' lang='lat' dir='ltr'>ex</span> <span class='ocrx_word' id='word_1_205' title='bbox 799 3719 1050 3823; x_wconf 89' lang='lat' dir='ltr'>possessione</span> <span class='ocrx_word' id='word_1_206' title='bbox 1060 3720 1294 3829; x_wconf 85' lang='lat' dir='ltr'>dejiciamur</span> <span class='ocrx_word' id='word_1_207' title='bbox 1302 3736 1374 3801; x_wconf 87' lang='lat' dir='ltr'>art.</span> <span class='ocrx_word' id='word_1_208' title='bbox 1384 3723 1489 3805; x_wconf 74' lang='lat'>2233</span> <span class='ocrx_word' id='word_1_209' title='bbox 1499 3723 1598 3803; x_wconf 89' lang='lat' dir='ltr'>Cod.</span> <span class='ocrx_word' id='word_1_210' title='bbox 1610 3725 1759 3824; x_wconf 81' lang='lat' dir='ltr'>Civ.‚si</span> <span class='ocrx_word' id='word_1_211' title='bbox 1769 3750 1830 3801; x_wconf 89' lang='lat' dir='ltr'>res</span> <span class='ocrx_word' id='word_1_212' title='bbox 1838 3733 1985 3803; x_wconf 82' lang='lat' dir='ltr'>nostrae</span> 
     </span>
     <span class='ocr_line' id='line_1_26' title="bbox 619 3838 1986 3947; baseline 0.001 -26"><span class='ocrx_word' id='word_1_213' title='bbox 619 3870 642 3921; x_wconf 87' lang='lat' dir='ltr'>a</span> <span class='ocrx_word' id='word_1_214' title='bbox 666 3838 937 3921; x_wconf 88' lang='lat' dir='ltr'>creditoribus</span> <span class='ocrx_word' id='word_1_215' title='bbox 958 3840 1186 3923; x_wconf 85' lang='lat' dir='ltr'>vendantur</span> <span class='ocrx_word' id='word_1_216' title='bbox 1208 3861 1280 3925; x_wconf 83' lang='lat' dir='ltr'>art</span> <span class='ocrx_word' id='word_1_217' title='bbox 1304 3845 1435 3947; x_wconf 70' lang='lat'><strong>2204,</strong></span> <span class='ocrx_word' id='word_1_218' title='bbox 1458 3862 1527 3926; x_wconf 86' lang='lat' dir='ltr'>aut</span> <span class='ocrx_word' id='word_1_219' title='bbox 1552 3848 1585 3925; x_wconf 88' lang='lat' dir='ltr'>si</span> <span class='ocrx_word' id='word_1_220' title='bbox 1610 3872 1675 3925; x_wconf 85' lang='lat' dir='ltr'>eas</span> <span class='ocrx_word' id='word_1_221' title='bbox 1694 3844 1749 3922; x_wconf 90' lang='lat' dir='ltr'>ob</span> <span class='ocrx_word' id='word_1_222' title='bbox 1770 3842 1986 3923; x_wconf 82' lang='lat' dir='ltr'>utilitatem</span> 
     </span>
     <span class='ocr_line' id='line_1_27' title="bbox 620 3963 1984 4074; baseline -0.001 -29"><span class='ocrx_word' id='word_1_223' title='bbox 620 3963 824 4074; x_wconf 84' lang='lat' dir='ltr'>publicam</span> <span class='ocrx_word' id='word_1_224' title='bbox 842 3963 1063 4045; x_wconf 90' lang='lat' dir='ltr'>debeamus</span> <span class='ocrx_word' id='word_1_225' title='bbox 1081 3965 1224 4046; x_wconf 86' lang='lat' dir='ltr'>cedere</span> <span class='ocrx_word' id='word_1_226' title='bbox 1242 3984 1313 4045; x_wconf 82' lang='lat' dir='ltr'>art</span> <span class='ocrx_word' id='word_1_227' title='bbox 1329 3966 1424 4067; x_wconf 74' lang='lat'>545,</span> <span class='ocrx_word' id='word_1_228' title='bbox 1441 3968 1537 4044; x_wconf 90' lang='lat' dir='ltr'>item</span> <span class='ocrx_word' id='word_1_229' title='bbox 1553 3969 1588 4044; x_wconf 87' lang='lat' dir='ltr'>si</span> <span class='ocrx_word' id='word_1_230' title='bbox 1605 3965 1756 4044; x_wconf 84' lang='lat' dir='ltr'>lirndus</span> <span class='ocrx_word' id='word_1_231' title='bbox 1769 3992 1792 4045; x_wconf 85' lang='lat' dir='ltr'>a</span> <span class='ocrx_word' id='word_1_232' title='bbox 1805 3968 1906 4044; x_wconf 88' lang='lat' dir='ltr'>mari</span> <span class='ocrx_word' id='word_1_233' title='bbox 1920 3966 1984 4045; x_wconf 85' lang='lat' dir='ltr'>vel</span> 
     </span>
    </p>
   </div>
   <div class='ocr_carea' id='block_1_6' title="bbox 619 4087 1987 4561">
    <p class='ocr_par' dir='ltr' id='par_1_6' title="bbox 619 4087 1987 4561">
     <span class='ocr_line' id='line_1_28' title="bbox 620 4087 1984 4197; baseline 0.004 -32"><span class='ocrx_word' id='word_1_234' title='bbox 620 4114 643 4165; x_wconf 86' lang='lat' dir='ltr'>a</span> <span class='ocrx_word' id='word_1_235' title='bbox 669 4088 837 4171; x_wconf 89' lang='lat' dir='ltr'>flumine</span> <span class='ocrx_word' id='word_1_236' title='bbox 863 4104 1102 4197; x_wconf 81' lang='lat' dir='ltr'>occupetur3</span> <span class='ocrx_word' id='word_1_237' title='bbox 1128 4116 1225 4171; x_wconf 86' lang='lat' dir='ltr'>nam</span> <span class='ocrx_word' id='word_1_238' title='bbox 1240 4090 1346 4169; x_wconf 87' lang='lat' dir='ltr'>licet</span> <span class='ocrx_word' id='word_1_239' title='bbox 1369 4092 1433 4170; x_wconf 80' lang='lat' dir='ltr'>Du</span> <span class='ocrx_word' id='word_1_240' title='bbox 1456 4091 1682 4169; x_wconf 74' lang='lat' dir='ltr'>Matutinus</span> <span class='ocrx_word' id='word_1_241' title='bbox 1708 4087 1761 4165; x_wconf 90' lang='lat' dir='ltr'>ad</span> <span class='ocrx_word' id='word_1_242' title='bbox 1781 4105 1851 4167; x_wconf 83' lang='lat' dir='ltr'>art.</span> <span class='ocrx_word' id='word_1_243' title='bbox 1880 4088 1984 4185; x_wconf 68' lang='lat'>2243</span> 
     </span>
     <span class='ocr_line' id='line_1_29' title="bbox 622 4205 1987 4318; baseline 0.006 -35"><span class='ocrx_word' id='word_1_244' title='bbox 622 4205 777 4311; x_wconf 82' lang='lat' dir='ltr'>doceat,</span> <span class='ocrx_word' id='word_1_245' title='bbox 793 4211 1086 4318; x_wconf 88' lang='lat' dir='ltr'>possessionem</span> <span class='ocrx_word' id='word_1_246' title='bbox 1099 4239 1193 4291; x_wconf 87' lang='lat' dir='ltr'>casu</span> <span class='ocrx_word' id='word_1_247' title='bbox 1210 4211 1490 4294; x_wconf 89' lang='lat' dir='ltr'>inundationis</span> <span class='ocrx_word' id='word_1_248' title='bbox 1504 4212 1640 4291; x_wconf 85' lang='lat' dir='ltr'>a‘nimo</span> <span class='ocrx_word' id='word_1_249' title='bbox 1657 4212 1844 4315; x_wconf 78' lang='lat' dir='ltr'>retineri,</span> <span class='ocrx_word' id='word_1_250' title='bbox 1858 4212 1987 4291; x_wconf 89' lang='lat' dir='ltr'>malu-</span> 
     </span>
     <span class='ocr_line' id='line_1_30' title="bbox 621 4330 1985 4433; baseline 0.007 -30"><span class='ocrx_word' id='word_1_251' title='bbox 621 4355 711 4409; x_wconf 90' lang='lat' dir='ltr'>mus</span> <span class='ocrx_word' id='word_1_252' title='bbox 736 4331 869 4409; x_wconf 89' lang='lat' dir='ltr'>dicere</span> <span class='ocrx_word' id='word_1_253' title='bbox 892 4359 984 4411; x_wconf 89' lang='lat' dir='ltr'>cum</span> <span class='ocrx_word' id='word_1_254' title='bbox 1005 4334 1183 4411; x_wconf 75' lang='lat' dir='ltr'>Parumne</span> <span class='ocrx_word' id='word_1_255' title='bbox 1201 4338 1252 4412; x_wconf 88' lang='lat' dir='ltr'>ad</span> <span class='ocrx_word' id='word_1_256' title='bbox 1270 4333 1461 4413; x_wconf 88' lang='lat' dir='ltr'>eumdem</span> <span class='ocrx_word' id='word_1_257' title='bbox 1486 4350 1556 4412; x_wconf 81' lang='lat' dir='ltr'>art.</span> <span class='ocrx_word' id='word_1_258' title='bbox 1578 4330 1700 4432; x_wconf 71' lang='lat'><strong>2243,</strong></span> <span class='ocrx_word' id='word_1_259' title='bbox 1720 4359 1830 4433; x_wconf 68' lang='lat' dir='ltr'>eam,</span> <span class='ocrx_word' id='word_1_260' title='bbox 1851 4336 1911 4412; x_wconf 91' lang='lat' dir='ltr'>nti</span> <span class='ocrx_word' id='word_1_261' title='bbox 1937 4333 1985 4413; x_wconf 89' lang='lat' dir='ltr'>de</span> 
     </span>
     <span class='ocr_line' id='line_1_31' title="bbox 619 4450 1985 4561; baseline 0.007 -37"><span class='ocrx_word' id='word_1_262' title='bbox 619 4450 715 4525; x_wconf 85' lang='lat' dir='ltr'>Jure</span> <span class='ocrx_word' id='word_1_263' title='bbox 729 4453 927 4553; x_wconf 82' lang='lat' dir='ltr'>Romano,</span> <span class='ocrx_word' id='word_1_264' title='bbox 945 4479 1020 4558; x_wconf 91' lang='lat' dir='ltr'>pro</span> <span class='ocrx_word' id='word_1_265' title='bbox 1034 4453 1176 4531; x_wconf 73' lang='lat' dir='ltr'>amissa</span> <span class='ocrx_word' id='word_1_266' title='bbox 1188 4452 1413 4533; x_wconf 73' lang='lat' dir='ltr'>habendm</span> <span class='ocrx_word' id='word_1_267' title='bbox 1427 4481 1537 4554; x_wconf 79' lang='lat' dir='ltr'>esse,</span> <span class='ocrx_word' id='word_1_268' title='bbox 1555 4482 1604 4532; x_wconf 88' lang='lat' dir='ltr'>eo</span> <span class='ocrx_word' id='word_1_269' title='bbox 1619 4451 1734 4561; x_wconf 90' lang='lat' dir='ltr'>quod</span> <span class='ocrx_word' id='word_1_270' title='bbox 1748 4453 1858 4535; x_wconf 87' lang='lat' dir='ltr'>nulla</span> <span class='ocrx_word' id='word_1_271' title='bbox 1875 4454 1985 4535; x_wconf 87' lang='lat' dir='ltr'>adest</span> 
     </span>
    </p>
   </div>
   <div class='ocr_carea' id='block_1_7' title="bbox 0 0 2264 5864">
    <p class='ocr_par' dir='ltr' id='par_1_7' title="bbox 0 0 2264 5864">
     <span class='ocr_line' id='line_1_32' title="bbox 0 0 2264 5864; baseline 0 0"><span class='ocrx_word' id='word_1_272' title='bbox 0 0 2264 5864; x_wconf 95' lang='lat' dir='ltr'> </span> 
     </span>
    </p>
   </div>
  </div>
 </body>
</html>
