4517 5867
662 558 907 633 nasrousro
929 562 993 631 an
1012 562 1181 650 Qunsr.
1199 563 1339 635 auno.
1407 593 1414 613 ·
1643 562 1688 658 37

324 743 549 842 bus,talem
568 744 749 823 animum
763 738 946 823 sufficere
964 742 1015 823 ad
1026 744 1315 853 acquirendam
1327 746 1620 856 possessionem
1640 772 1691 827 ex
1794 747 1796 750 ’

323 866 446 947 rebus
463 865 734 975 peculiaribus
753 882 897 963 ortam,
916 864 1012 945 inde
1030 894 1114 945 non
1133 884 1267 976 potest
1284 868 1493 971 concludi,
1507 871 1689 949 animum

322 990 365 1066 in
395 1016 542 1095 genere
573 1017 738 1102 quoque
765 986 947 1071 sufficere
972 1014 1049 1095 pro
1079 1016 1173 1068 casu
1202 1018 1287 1101 quo
1313 994 1444 1097 agitur
1471 990 1522 1071 de
1549 992 1689 1101 acqui·
1818 1090 1826 1105 ι

322 1109 449 1191 rendi
467 1115 717 1221 possessione
736 1140 809 1221 per
820 1126 1130 1221 procuratorem
1149 1113 1398 1217 generalem,
1421 1132 1584 1195 econtra
1607 1114 1689 1198 hoec

322 1236 458 1340 potius
468 1262 544 1343 pro
564 1234 683 1315 nobis
699 1233 892 1342 probant,
911 1259 1003 1313 cum
1021 1232 1115 1313 alias
1129 1233 1238 1339 leges
1251 1234 1330 1313 hoe
1342 1260 1510 1344 quoque
1526 1262 1687 1343 expres·

321 1355 464 1435 sissent
481 1373 523 1435 et
537 1357 595 1434 sic
609 1357 735 1433 citata
745 1356 787 1433 l..
806 1354 876 1452 44,
888 1362 913 1458 ᾗ
927 1383 956 1433 ι.
968 1353 1214 1464 applicandae
1226 1372 1322 1437 sunt
1335 1356 1503 1461 regulae:
1518 1356 1689 1435 inclusio

320 1477 442 1553 unius
460 1491 521 1553 est
540 1475 718 1555 exclusio
736 1476 900 1557 alterins
919 1493 959 1557 et
980 1480 1162 1586 exceptio
1181 1477 1312 1559 firmat
1329 1478 1507 1585 regulam
1525 1480 1569 1556 in
1587 1477 1688 1558 casi-

321 1597 398 1681 bus
423 1625 508 1679 non
531 1602 715 1709 exceptis.
738 1601 916 1709 'Insuper
946 1600 1059 1709 quod
1089 1601 1169 1682 hoc
1194 1605 1239 1681 in
1269 1601 1391 1683 rebus
1415 1599 1689 1710 peculiaribus
1764 1592 1770 1599 ’
1825 1688 1829 1695 ,

322 1740 530 1833 receptum
539 1725 610 1825 sit,
624 1722 773 1803 factum
792 1741 851 1804 est
865 1740 1002 1804 contra
1015 1726 1213 1805 rationem
1229 1726 1346 1834 juris,
1365 1752 1456 1837 quae
1473 1720 1688 1833 specialem

321 1874 406 1925 non
419 1846 645 1954 generalem
657 1849 839 1927 animum
858 1849 1047 1958 requirit3
1058 1846 1129 1927 sed
1142 1846 1186 1927 id
1205 1847 1319 1956 quod
1332 1864 1474 1927 contra
1489 1848 1689 1925 rationem

317 1966 420 2073 juris
449 1987 658 2078 receptum
687 1988 770 2067 est,
798 1997 882 2050 non
909 1988 969 2050 est
995 1969 1307 2075 producendum
1325 1969 1375 2050 ad
1403 1967 1688 2077 consequentia

320 2089 363 2165 L.
389 2088 456 2181 ¹4¹
483 2092 527 2161 ff.
550 2090 600 2161 de
622 2086 668 2160 R.
694 2086 745 2180 J.,
768 2086 970 2192 praecipue
998 2082 1097 2163 dum
1116 2076 1266 2164 eadem
1283 2113 1369 2166 non
1395 2094 1541 2167 militat
1567 2088 1687 2182 ratio;

323 2207 425 2287 ratio
447 2208 572 2308 enim,
590 2204 703 2314 quod
724 2204 861 2285 hocin
884 2204 1006 2285 rebus
1026 2206 1299 2312 peculiaribus
1322 2226 1529 2317 receptum
1550 2208 1687 2305 fuerit,

323 2346 397 2426 est,
419 2356 470 2407 ne
494 2343 734 2433 cogerentur
752 2354 826 2435 per
843 2325 999 2433 singula
1015 2344 1220 2407 momenta
1235 2330 1388 2437 species
1402 2347 1443 2410 et
1457 2356 1596 2409 causas
1614 2356 1686 2437 pe·

323 2451 523 2531 culiorum
543 2451 766 2558 inquirere,
784 2449 866 2529 haec
877 2465 1014 2528 autem
1034 2451 1136 2530 ratio
1150 2477 1233 2530 non
1248 2452 1304 2531 ita
1314 2450 1460 2532 militat
1479 2478 1572 2532 casu
1586 2454 1692 2560 proi

322 2571 735 2677 curatorisgeneralis
935 2572 937 2577 ’

373 2768 522 2844 Praeter
556 2762 657 2861 haec,
682 2789 772 2873 quae
811 2762 1021 2872 hucusque
1060 2765 1112 2841 de
1152 2765 1398 2871 acquirendi
1433 2770 1685 2869 possessione

323 2914 396 2997 per
420 2888 589 2967 alterum
613 2885 808 2986 diximus,
828 2882 1055 2963 notandum
1074 2899 1149 2983 est,
1171 2884 1285 2992 quod
1304 2886 1360 2979 is,
1381 2908 1596 2992 perquem
1612 2913 1685 2964 vo-

323 3010 457 3089 lumus
472 3010 701 3118 acquirere,
718 3007 809 3086 talis
826 3006 878 3084 sit
890 3020 1091 3113 oporteat,
1103 3021 1150 3082 ut
1166 3002 1309 3083 habeat
1325 3003 1573 3085 intellectum
1591 3034 1686 3114 pos·

323 3130 481 3211 sidendi
490 3132 534 3208 L.
551 3136 622 3231 r,§
640 3127 764 3235 9fth.
779 3145 824 3226 t,
839 3144 879 3206 et
891 3128 997 3225 ideo,
1015 3129 1048 3204 si
1065 3124 1264 3205 furiosum
1278 3154 1439 3205 servum
1453 3132 1625 3229 miseris,
1640 3144 1687 3209 ut

322 3251 553 3363 possideas,
582 3276 837 3359 nequaquam
865 3246 1016 3327 videris
1047 3247 1358 3355 apprehendisse
1394 3253 1687 3355 possessionem

324 3375 362 3455 d.
377 3376 419 3455 L.
438 3382 511 3476 1,§
526 3400 582 3451 ro.
598 3372 768 3451 Necesse
781 3371 899 3449 etiam
918 3386 996 3471 est,
1015 3386 1062 3449 ut
1071 3369 1169 3449 velit
1189 3369 1307 3449 nobis
1327 3368 1547 3484 scientibus
1564 3386 1686 3478 atque

322 3495 551 3577 volentibus
565 3495 857 3604 possessionem
870 3490 1559 3603 acquirere,namsijubeasseruum
1569 3508 1687 3570 tuum

307 3620 314 3635 '
321 3617 547 3722 possidere,
579 3636 619 3697 et
645 3618 679 3697 is
708 3645 756 3695 eo
786 3618 922 3697 animo
950 3616 1074 3694 intret
1101 3618 1145 3692 in
1168 3614 1481 3721 possessionem,
1508 3629 1556 3693 ut
1582 3614 1689 3693 nolit

322 3742 419 3840 tibi,
441 3740 513 3821 sed
540 3742 676 3848 potius
700 3741 809 3818 Titio
838 3738 1070 3847 acquirere,
1092 3764 1179 3815 non
1199 3734 1352 3814 esttibi
1379 3736 1575 3844 acquisita
1592 3762 1687 3843 pos-

323 3863 445 3942 sessio
457 3862 495 3940 d.
509 3865 551 3941 L
573 3868 645 3963 1,§
666 3862 923 3970 19·;utque,si
935 3875 1121 3939 extranea
1135 3860 1188 3936 sit
1205 3883 1393 3964 persona,
1406 3860 1572 3937 nomine
1590 3885 1686 3938 nos·

325 4000 388 4063 tro
410 3988 701 4091 possessionem
720 3985 969 4063 nanciscatur
985 3985 1012 4076 §
1031 3984 1151 4081 ao,L.
1171 4008 1202 4076 1,
1213 3997 1283 4059 aut
1299 3979 1439 4059 saltem
1454 4008 1538 4061 non
1557 3979 1686 4061 decla-

326 4124 407 4206 ret,
430 4132 471 4183 se
492 4102 594 4181 velle
620 4100 697 4179 sibi
725 4100 890 4179 alterive
908 4104 1135 4209 acquirere3
1159 4100 1400 4182 debet-enim
1416 4102 1588 4183 intentio
1606 4118 1685 4179 tra-
1815 4166 1826 4199 „

327 4227 458 4306 dentis
483 4240 587 4302 recta
617 4222 828 4332 praevalere
848 4222 974 4331 ipsius
994 4223 1211 4301 intentioni
1239 4226 1467 4332 pravaa(1)·;
1494 4223 1529 4299 si
1551 4238 1686 4303 autem

372 4402 422 4493 (1)
432 4402 555 4469 nunu.
571 4399 612 4467 ad
622 4402 656 4469 L.
666 4400 750 4467 adil
763 4400 806 4467 de
816 4400 925 4469 donat.
935 4402 1079 4471 Praelect.
1092 4404 1198 4471 Instit.
1208 4403 1325 4490 titlpar
1335 4420 1413 4488 quas
1422 4420 1550 4488 person.
1562 4424 1610 4468 nr.
1625 4406 1683 4471 ult
