4517 5867
635 619 682 716 ,ι
827 666 830 676 .
984 601 1133 676 rusus
1156 597 1249 672 sos.
1274 593 1376 668 vnn
1399 594 1497 666 usn
1519 581 1634 668 ron¹

637 798 683 874 in
712 790 868 872 summit
897 795 1099 864 senectute
1133 773 1371 886 peragendis
1401 771 1595 851 idoneum
1624 795 1667 848 se
1701 764 1996 876 profitebatur,

640 915 786 994 merito
817 910 873 987 sic
898 905 1096 984 rationem
1120 894 1344 977 concludit:
1370 895 1469 972 sHae
1490 907 1586 972 sunt
1609 890 1908 969 exercitationes
1931 889 1996 963 in·

641 1032 769 1137 genii,
798 1027 880 1106 haec
904 1019 1101 1103 curricula
1129 1016 1305 1096 mentis:
1328 1017 1372 1093 in
1398 1013 1463 1094 his
1492 1010 1693 1092 desudans
1721 1025 1840 1116 atque
1867 1005 2000 1085 elabo·'

641 1179 753 1254 rans,
779 1147 958 1254 corporis
982 1144 1089 1224 vires
1113 1165 1198 1220 non
1218 1161 1464 1242 magnopere
1487 1128 1712 1214 desidero.»
1732 1132 1758 1226 ᾗ
1779 1121 1841 1210 38.

1178 1372 1485 1514 §xxiiim

700 1647 782 1729 Sed
798 1662 847 1726 ut
862 1647 1057 1727 senectuti
1074 1670 1151 1726 nec
1169 1644 1302 1754 aptius
1320 1639 1449 1724 ullum
1466 1631 1541 1719 nee
1555 1633 1772 1747 jucundius
1789 1655 1873 1712 esse
1887 1643 2006 1740 queat

649 1767 826 1848 officium
843 1789 970 1877 quam
992 1771 1130 1876 patriae
1143 1764 1376 1847 'commodis
1398 1764 1621 1861 consulere,
1644 1757 1879 1838 sententiam
1903 1753 2008 1831 ferre

648 1891 694 1968 in
714 1888 1052 1991 senatu,'erudire
1066 1889 1335 1995 juventutem,
1348 1884 1565 1965 defendere
1582 1882 1747 1978 amicos,
1764 1901 1881 1980 egere
1895 1899 2007 1952 caus-

649 2037 713 2087 sas
730 2026 851 2118 atque
870 2009 1071 2088 orationes
1090 2009 1303 2110 conficere,
1323 2023 1448 2116 prout
1471 2003 1640 2084 faciebat
1660 2001 1760 2079 Cato
1778 2021 1919 2094 senex,
1939 1993 2010 2071 ad·

651 2123 822 2205 modum
852 2144 989 2205 tamen
1015 2127 1239 2206 verendum
1267 2143 1328 2206 est
1352 2153 1406 2202 ne
1427 2149 1509 2202 vox
1528 2137 1641 2200 aetate
1663 2117 1829 2196 infracta
1853 2114 2011 2221 penitus

653 2242 821 2322 deficiat.
836 2247 1027 2345 sOrutor,¹
1034 2261 1186 2345 metuo,
1194 2270 1244 2323 ne
1257 2243 1482 2349 languescat
1490 2255 1692 2321 senectute
1702 2248 1791 2317 :est
1804 2236 1911 2313 enim
1923 2231 2028 2310 mu·'

654 2389 733 2440 nus
754 2361 840 2470 ejus
865 2389 951 2441 non
977 2364 1130 2467 ingenii
1159 2363 1292 2442 solum
1319 2365 1390 2443 sed
1411 2363 1583 2444 laterum
1610 2361 1731 2440 etiam
1760 2374 1800 2436 et
1824 2355 2019 2435 virium>
2051 2423 2056 2430 .

657 2481 752 2588 Cap.
777 2510 813 2590 9.
838 2487 864 2580 §
890 2483 952 2564 28.
980 2483 1085 2561 Num
1110 2499 1332 2591 utrumque
1359 2473 1419 2562 est
1444 2481 1791 2586 conjungendum,
1819 2477 1916 2582 quie
1944 2499 2020 2552 nec

658 2601 812 2707 absque
834 2601 999 2703 ingenio
1024 2627 1100 2678 nec
1123 2603 1210 2679 sine
1237 2602 1384 2679 canori
1409 2625 1508 2678 voce
1535 2596 1795 2705 persuadere,
1821 2593 2021 2672 delectere
2059 2606 2073 2624 ”

658 2720 878 2825 prsesertim
890 2735 932 2797 et
944 2745 1181 2824 permovere
1194 2735 1338 2824 potest.
1353 2720 1406 2796 At
1421 2717 1524 2797 iilud
1540 2734 1658 2823 eaput
1673 2718 1732 2792 rei
1745 2731 1822 2813 est,
1839 2714 1918 2790 hoc
1934 2740 2022 2792 non

640 2853 743 2914 ‘tam
756 2851 861 2934 arete
876 2860 969 2912 cum
987 2835 1072 2939 ejus
1088 2841 1232 2912 naturd
1249 2853 1310 2912 est
1327 2837 1579 2940 copulatum3
1597 2830 1698 2909 iliud
1717 2833 1768 2910 ab
1790 2834 1960 2910 oratoris
1981 2833 2022 2912 vi

664 2970 706 3057 et
723 2953 864 3031 nuturt‘t
883 2953 1057 3057 separari
1076 2953 1244 3028 omnino
1264 2953 1423 3058 nequit,
1441 2951 1521 3028 hoc
1542 2951 1575 3028 si
1597 2952 1802 3028 accesserit
1825 2949 2023 3032 laudabile

667 3091 743 3175 est,
759 3075 823 3151 sin
835 3070 984 3167 minus,
996 3093 1082 3148 non
1098 3069 1359 3149 vehementer
1375 3087 1436 3149 est
1448 3069 1751 3178 requirendum.
1768 3072 2035 3180 Quamquam·

667 3219 810 3276 vocem
835 3190 983 3270 claram
1009 3207 1131 3300 atque
1155 3188 1314 3269 virilem
1340 3187 1545 3269 interdum
1563 3191 1745 3269 etiam'in
1766 3194 2022 3297 seminem,

672 3440 870 3527 vehebatur,
891 3456 923 3509 et
941 3443 1142 3532 hippopeuis
1157 3443 1293 3530 quidem
1312 3444 1492 3534 impositis,
1513 3457 1554 3510 ut
1568 3466 1680 3512 secum
1699 3444 1794 3511 utilia
1815 3457 1971 3535 portaret.
1993 3443 2024 3512 0

593 3632 597 3640 1
670 3558 837 3635 quantum
856 3558 927 3611 erat
949 3548 1061 3611 muli
1082 3549 1181 3613 decus
1187 3593 1199 3632 ‚
1220 3549 1741 3641 imperatorem'triumphalem,
1767 3551 1977 3636 censorium,
1993 3562 2026 3616 et

673 3651 765 3736 quod
787 3671 887 3738 super
905 3649 977 3715 hsce
997 3649 1111 3715 omnia
1132 3661 1197 3735 est,
1220 3647 1397 3738 Catonem,
1414 3675 1484 3720 uno
1503 3655 1628 3721 caballo
1644 3677 1710 3721 esse
1725 3669 1919 3722 contentum
1936 3667 1968 3720 et
1983 3677 2027 3720 ne

675 3764 745 3819 toto
760 3752 917 3839 quidem!
939 3752 1071 3818 Partem
1091 3754 1184 3820 enim
1202 3756 1405 3845 occupabant
1423 3761 1558 3828 sercinae
1576 3760 1619 3826 eb
1635 3761 1776 3850 utroque
1787 3759 1886 3828 latere
1898 3761 2025 3850 depen-

676 3858 825 3923 dentes.»
845 3858 1010 3924 Lnusnus
1030 3859 1129 3924 deso
1146 3881 1222 3926 rere
1242 3861 1361 3928 cecinit
1378 3861 1416 3928 in
1428 3861 1635 3952 Pharsaliois,

915 4041 999 4104 secu
1007 4039 1082 4121 fuit,
1092 4063 1201 4106 mare
1209 4043 1342 4126 modum,
1353 4045 1499 4134 fidenque
1506 4061 1602 4114 tenere
1608 4096 1619 4130 ‚

917 4138 1117 4221 Naturamque
1126 4143 1224 4224 sequi,
1235 4145 1391 4227 patrieque
1404 4148 1568 4228 impendere
1577 4150 1682 4228 vitum3

919 4231 981 4293 Nec
990 4233 1061 4310 sibi,
1072 4235 1122 4296 sed
1131 4237 1185 4296 toti
1195 4240 1325 4319 genitum
1337 4261 1366 4301 se
1375 4240 1487 4304 credere
1497 4243 1619 4306 mundo.

678 4383 1003 4460 contemnem
1017 4371 1539 4495 momveneuutorumuog.
1552 4405 1597 4474 11.
1610 4427 1683 4497 cap.
1698 4406 1731 4473 s.
1745 4406 1766 4493 ς
1780 4406 1834 4476 ea.
1927 4455 1933 4464 ,
1976 4457 1981 4466 .
