<?xml version="1.0" encoding="UTF-8"?>
<!DOCTYPE html PUBLIC "-//W3C//DTD XHTML 1.0 Transitional//EN"
    "http://www.w3.org/TR/xhtml1/DTD/xhtml1-transitional.dtd">
<html xmlns="http://www.w3.org/1999/xhtml" xml:lang="en" lang="en">
 <head>
  <title>
</title>
<meta http-equiv="Content-Type" content="text/html;charset=utf-8" />
  <meta name='ocr-system' content='tesseract 3.04.00' />
  <meta name='ocr-capabilities' content='ocr_page ocr_carea ocr_par ocr_line ocrx_word'/>
</head>
<body>
  <div class='ocr_page' id='page_1' title='image "annalesacademia01goog_0164.png"; bbox 0 0 4517 5867; ppageno 0'>
   <div class='ocr_carea' id='block_1_1' title="bbox 521 597 2045 1956">
    <p class='ocr_par' dir='ltr' id='par_1_1' title="bbox 637 597 701 669">
     <span class='ocr_line' id='line_1_1' title="bbox 637 597 701 669; baseline 0.031 -25"><span class='ocrx_word' id='word_1_1' title='bbox 637 597 701 669; x_wconf 74' lang='grc' dir='ltr'><strong>νυ]</strong></span> 
     </span>
    </p>

    <p class='ocr_par' dir='ltr' id='par_1_2' title="bbox 521 742 2045 1956">
     <span class='ocr_line' id='line_1_2' title="bbox 634 742 2004 896; baseline 0.002 -42"><span class='ocrx_word' id='word_1_2' title='bbox 634 745 951 854; x_wconf 87' lang='lat' dir='ltr'><strong>brevissimo</strong></span> <span class='ocrx_word' id='word_1_3' title='bbox 974 769 1217 888; x_wconf 88' lang='lat' dir='ltr'><strong>tempore</strong></span> <span class='ocrx_word' id='word_1_4' title='bbox 1249 742 1351 848; x_wconf 89' lang='lat' dir='ltr'><strong>sub</strong></span> <span class='ocrx_word' id='word_1_5' title='bbox 1379 745 1565 846; x_wconf 84' lang='lat' dir='ltr'><strong>vestris</strong></span> <span class='ocrx_word' id='word_1_6' title='bbox 1594 747 1692 850; x_wconf 88' lang='lat' dir='ltr'><strong>feci</strong></span> <span class='ocrx_word' id='word_1_7' title='bbox 1719 751 2004 896; x_wconf 76' lang='lat' dir='ltr'><strong>auspiciis,</strong></span> 
     </span>
     <span class='ocr_line' id='line_1_3' title="bbox 521 900 2003 1056; baseline 0.003 -43"><span class='ocrx_word' id='word_1_8' title='bbox 521 907 524 916; x_wconf 84' lang='grc'><strong>’</strong></span> <span class='ocrx_word' id='word_1_9' title='bbox 635 903 1051 1056; x_wconf 80' lang='lat' dir='ltr'><strong>qualecumque]</strong></span> <span class='ocrx_word' id='word_1_10' title='bbox 1070 900 1289 1028; x_wconf 85' lang='lat' dir='ltr'><strong>ederem</strong></span> <span class='ocrx_word' id='word_1_11' title='bbox 1334 902 1608 1047; x_wconf 86' lang='lat' dir='ltr'><strong>specimen</strong></span> <span class='ocrx_word' id='word_1_12' title='bbox 1650 944 1824 1052; x_wconf 85' lang='lat' dir='ltr'><strong>coque</strong></span> <span class='ocrx_word' id='word_1_13' title='bbox 1873 952 2003 1054; x_wconf 85' lang='lat' dir='ltr'><strong>gra-</strong></span> 
     </span>
     <span class='ocr_line' id='line_1_4' title="bbox 628 1060 2003 1210; baseline -0.001 -40"><span class='ocrx_word' id='word_1_14' title='bbox 628 1092 754 1170; x_wconf 85' lang='lat' dir='ltr'><strong>tum</strong></span> <span class='ocrx_word' id='word_1_15' title='bbox 778 1102 912 1208; x_wconf 80' lang='lat' dir='ltr'><strong>¹erga</strong></span> <span class='ocrx_word' id='word_1_16' title='bbox 937 1062 1048 1165; x_wconf 94' lang='lat' dir='ltr'><strong>Vos</strong></span> <span class='ocrx_word' id='word_1_17' title='bbox 1084 1061 1332 1183; x_wconf 86' lang='lat' dir='ltr'><strong>animum</strong></span> <span class='ocrx_word' id='word_1_18' title='bbox 1356 1060 1687 1191; x_wconf 87' lang='lat' dir='ltr'><strong>testificarer.</strong></span> <span class='ocrx_word' id='word_1_19' title='bbox 1716 1060 2003 1210; x_wconf 85' lang='lat' dir='ltr'><strong>Quidquid</strong></span> 
     </span>
     <span class='ocr_line' id='line_1_5' title="bbox 634 1217 2003 1364; baseline -0.004 -38"><span class='ocrx_word' id='word_1_20' title='bbox 634 1223 781 1326; x_wconf 86' lang='lat' dir='ltr'><strong>enim</strong></span> <span class='ocrx_word' id='word_1_21' title='bbox 826 1245 922 1328; x_wconf 86' lang='lat' dir='ltr'><strong>aut</strong></span> <span class='ocrx_word' id='word_1_22' title='bbox 963 1220 1023 1332; x_wconf 85' lang='lat' dir='ltr'><strong>in</strong></span> <span class='ocrx_word' id='word_1_23' title='bbox 1068 1217 1310 1324; x_wconf 75' lang='lat' dir='ltr'><strong>Historia</strong></span> <span class='ocrx_word' id='word_1_24' title='bbox 1353 1218 1592 1364; x_wconf 71' lang='lat' dir='ltr'><strong>Antiqui</strong></span> <span class='ocrx_word' id='word_1_25' title='bbox 1658 1243 1751 1322; x_wconf 89' lang='lat' dir='ltr'><strong>aut</strong></span> <span class='ocrx_word' id='word_1_26' title='bbox 1802 1217 1861 1328; x_wconf 87' lang='lat' dir='ltr'><strong>in</strong></span> <span class='ocrx_word' id='word_1_27' title='bbox 1881 1284 1885 1290; x_wconf 72' lang='lat'><strong>,</strong></span> <span class='ocrx_word' id='word_1_28' title='bbox 1904 1221 2003 1324; x_wconf 60' lang='lat' dir='ltr'><strong>Li,-</strong></span> 
     </span>
     <span class='ocr_line' id='line_1_6' title="bbox 634 1371 2002 1524; baseline 0.004 -44"><span class='ocrx_word' id='word_1_29' title='bbox 634 1379 761 1484; x_wconf 87' lang='lat' dir='ltr'><strong>teris</strong></span> <span class='ocrx_word' id='word_1_30' title='bbox 829 1371 1028 1488; x_wconf 84' lang='lat' dir='ltr'><strong>Graecis</strong></span> <span class='ocrx_word' id='word_1_31' title='bbox 1083 1376 1396 1524; x_wconf 79' lang='lat' dir='ltr'><strong>Latinisque</strong></span> <span class='ocrx_word' id='word_1_32' title='bbox 1466 1377 1829 1522; x_wconf 80' lang='lat' dir='ltr'><strong>profecerim,</strong></span> <span class='ocrx_word' id='word_1_33' title='bbox 1895 1378 2002 1484; x_wconf 90' lang='lat' dir='ltr'><strong>hoc</strong></span> 
     </span>
     <span class='ocr_line' id='line_1_7' title="bbox 633 1532 2045 1686; baseline 0.006 -54"><span class='ocrx_word' id='word_1_34' title='bbox 633 1533 835 1640; x_wconf 84' lang='lat' dir='ltr'><strong>Vestris</strong></span> <span class='ocrx_word' id='word_1_35' title='bbox 890 1571 979 1645; x_wconf 84' lang='lat' dir='ltr'><strong>mc</strong></span> <span class='ocrx_word' id='word_1_36' title='bbox 1041 1533 1288 1674; x_wconf 89' lang='lat' dir='ltr'><strong>adjutum</strong></span> <span class='ocrx_word' id='word_1_37' title='bbox 1351 1532 1624 1662; x_wconf 87' lang='lat' dir='ltr'><strong>consiliis,</strong></span> <span class='ocrx_word' id='word_1_38' title='bbox 1682 1537 1999 1682; x_wconf 68' lang='lat' dir='ltr'><strong>praeceptis,</strong></span> <span class='ocrx_word' id='word_1_39' title='bbox 2041 1673 2045 1686; x_wconf 31' lang='grc' dir='ltr'>Ι</span> 
     </span>
     <span class='ocr_line' id='line_1_8' title="bbox 633 1687 2000 1835; baseline 0.001 -43"><span class='ocrx_word' id='word_1_40' title='bbox 633 1693 855 1806; x_wconf 83' lang='lat' dir='ltr'><strong>monitis</strong></span> <span class='ocrx_word' id='word_1_41' title='bbox 878 1713 991 1800; x_wconf 84' lang='lat' dir='ltr'><strong>esse</strong></span> <span class='ocrx_word' id='word_1_42' title='bbox 1013 1714 1365 1816; x_wconf 84' lang='lat' dir='ltr'><strong>consecutum</strong></span> <span class='ocrx_word' id='word_1_43' title='bbox 1386 1687 1617 1832; x_wconf 85' lang='lat' dir='ltr'><strong>ingenue</strong></span> <span class='ocrx_word' id='word_1_44' title='bbox 1640 1724 1856 1832; x_wconf 88' lang='lat' dir='ltr'><strong>semper</strong></span> <span class='ocrx_word' id='word_1_45' title='bbox 1877 1728 2000 1835; x_wconf 92' lang='lat' dir='ltr'><strong>pro-</strong></span> 
     </span>
     <span class='ocr_line' id='line_1_9' title="bbox 632 1843 2010 1956; baseline 0.007 -10"><span class='ocrx_word' id='word_1_46' title='bbox 632 1843 843 1956; x_wconf 82' lang='lat' dir='ltr'><strong>fitebor.</strong></span> <span class='ocrx_word' id='word_1_47' title='bbox 900 1941 904 1948; x_wconf 95' lang='lat'>.</span> <span class='ocrx_word' id='word_1_48' title='bbox 2007 1887 2010 1890; x_wconf 78' lang='grc'><strong><em>’</em></strong></span> 
     </span>
    </p>
   </div>
   <div class='ocr_carea' id='block_1_2' title="bbox 548 2039 1999 2970">
    <p class='ocr_par' dir='ltr' id='par_1_3' title="bbox 548 2039 1999 2970">
     <span class='ocr_line' id='line_1_10' title="bbox 649 2039 1999 2197; baseline -0.004 -36"><span class='ocrx_word' id='word_1_49' title='bbox 649 2084 653 2090; x_wconf 85' lang='grc'><strong><em>’</em></strong></span> <span class='ocrx_word' id='word_1_50' title='bbox 683 2039 851 2196; x_wconf 67' lang='lat' dir='ltr'><strong>Rogo</strong></span> <span class='ocrx_word' id='word_1_51' title='bbox 875 2057 1067 2197; x_wconf 81' lang='lat' dir='ltr'><strong>igitur,</strong></span> <span class='ocrx_word' id='word_1_52' title='bbox 1099 2080 1164 2160; x_wconf 86' lang='lat' dir='ltr'><strong>ut</strong></span> <span class='ocrx_word' id='word_1_53' title='bbox 1193 2079 1383 2159; x_wconf 86' lang='lat' dir='ltr'><strong>tenues</strong></span> <span class='ocrx_word' id='word_1_54' title='bbox 1411 2054 1510 2156; x_wconf 93' lang='lat' dir='ltr'><strong>has</strong></span> <span class='ocrx_word' id='word_1_55' title='bbox 1539 2050 1845 2154; x_wconf 88' lang='lat' dir='ltr'><strong>studiorum</strong></span> <span class='ocrx_word' id='word_1_56' title='bbox 1878 2055 1999 2196; x_wconf 59' lang='lat' dir='ltr'><strong>pri&lt;-</strong></span> 
     </span>
     <span class='ocr_line' id='line_1_11' title="bbox 548 2203 1997 2353; baseline 0.008 -52"><span class='ocrx_word' id='word_1_57' title='bbox 548 2271 557 2280; x_wconf 84' lang='lat'><em>.</em></span> <span class='ocrx_word' id='word_1_58' title='bbox 623 2203 823 2348; x_wconf 74' lang='lat' dir='ltr'><strong>initias</strong></span> <span class='ocrx_word' id='word_1_59' title='bbox 856 2209 1117 2315; x_wconf 87' lang='lat' dir='ltr'><strong>benevole</strong></span> <span class='ocrx_word' id='word_1_60' title='bbox 1162 2210 1439 2353; x_wconf 85' lang='lat' dir='ltr'><strong>accipiatis</strong></span> <span class='ocrx_word' id='word_1_61' title='bbox 1481 2211 1542 2311; x_wconf 91' lang='lat' dir='ltr'><strong>in</strong></span> <span class='ocrx_word' id='word_1_62' title='bbox 1588 2211 1762 2353; x_wconf 88' lang='lat' dir='ltr'><strong>iisque</strong></span> <span class='ocrx_word' id='word_1_63' title='bbox 1803 2207 1997 2351; x_wconf 59' lang='lat' dir='ltr'><strong>dijudia</strong></span> 
     </span>
     <span class='ocr_line' id='line_1_12' title="bbox 631 2357 1996 2508; baseline 0.01 -52"><span class='ocrx_word' id='word_1_64' title='bbox 631 2357 819 2464; x_wconf 87' lang='lat' dir='ltr'><strong>caudis</strong></span> <span class='ocrx_word' id='word_1_65' title='bbox 866 2400 980 2465; x_wconf 91' lang='lat' dir='ltr'><strong>non</strong></span> <span class='ocrx_word' id='word_1_66' title='bbox 1018 2403 1228 2469; x_wconf 82' lang='lat' dir='ltr'><strong>severos</strong></span> <span class='ocrx_word' id='word_1_67' title='bbox 1273 2401 1367 2467; x_wconf 83' lang='lat' dir='ltr'><strong>vos</strong></span> <span class='ocrx_word' id='word_1_68' title='bbox 1417 2366 1676 2508; x_wconf 82' lang='lat' dir='ltr'><strong>praestetis</strong></span> <span class='ocrx_word' id='word_1_69' title='bbox 1731 2366 1996 2469; x_wconf 83' lang='lat' dir='ltr'><strong>existima·</strong></span> 
     </span>
     <span class='ocr_line' id='line_1_13' title="bbox 631 2515 1995 2639; baseline 0.012 -28"><span class='ocrx_word' id='word_1_70' title='bbox 631 2533 809 2639; x_wconf 84' lang='lat' dir='ltr'><strong>tores,</strong></span> <span class='ocrx_word' id='word_1_71' title='bbox 849 2515 944 2625; x_wconf 83' lang='lat' dir='ltr'><strong>sed</strong></span> <span class='ocrx_word' id='word_1_72' title='bbox 972 2541 1026 2619; x_wconf 88' lang='lat' dir='ltr'><strong>et</strong></span> <span class='ocrx_word' id='word_1_73' title='bbox 1055 2515 1427 2625; x_wconf 81' lang='lat' dir='ltr'><strong>adolescentiae</strong></span> <span class='ocrx_word' id='word_1_74' title='bbox 1456 2557 1587 2624; x_wconf 86' lang='lat' dir='ltr'><strong>meac</strong></span> <span class='ocrx_word' id='word_1_75' title='bbox 1616 2545 1670 2626; x_wconf 89' lang='lat' dir='ltr'><strong>et</strong></span> <span class='ocrx_word' id='word_1_76' title='bbox 1697 2520 1995 2627; x_wconf 87' lang='lat' dir='ltr'><strong>brevissimi</strong></span> 
     </span>
     <span class='ocr_line' id='line_1_14' title="bbox 630 2667 1994 2816; baseline 0.011 -48"><span class='ocrx_word' id='word_1_77' title='bbox 630 2671 920 2815; x_wconf 89' lang='lat' dir='ltr'><strong>temporis,</strong></span> <span class='ocrx_word' id='word_1_78' title='bbox 953 2710 1064 2816; x_wconf 93' lang='lat' dir='ltr'><strong>quo</strong></span> <span class='ocrx_word' id='word_1_79' title='bbox 1098 2671 1185 2777; x_wconf 89' lang='lat' dir='ltr'><strong>his</strong></span> <span class='ocrx_word' id='word_1_80' title='bbox 1225 2669 1393 2774; x_wconf 85' lang='lat' dir='ltr'><strong>literis</strong></span> <span class='ocrx_word' id='word_1_81' title='bbox 1435 2667 1494 2776; x_wconf 84' lang='lat' dir='ltr'><strong>in</strong></span> <span class='ocrx_word' id='word_1_82' title='bbox 1527 2674 1821 2782; x_wconf 71' lang='lat' dir='ltr'><strong>Academid</strong></span> <span class='ocrx_word' id='word_1_83' title='bbox 1859 2681 1994 2785; x_wconf 86' lang='lat' dir='ltr'><strong>mibi</strong></span> 
     </span>
     <span class='ocr_line' id='line_1_15' title="bbox 628 2822 1996 2970; baseline 0.01 -49"><span class='ocrx_word' id='word_1_84' title='bbox 628 2822 943 2930; x_wconf 81' lang='lat' dir='ltr'><strong>incumbere</strong></span> <span class='ocrx_word' id='word_1_85' title='bbox 991 2825 1222 2964; x_wconf 75' lang='lat' dir='ltr'><strong>licebat,</strong></span> <span class='ocrx_word' id='word_1_86' title='bbox 1261 2824 1503 2970; x_wconf 78' lang='lat' dir='ltr'><strong>aliquam</strong></span> <span class='ocrx_word' id='word_1_87' title='bbox 1539 2829 1784 2952; x_wconf 62' lang='lat' dir='ltr'><strong>habearis</strong></span> <span class='ocrx_word' id='word_1_88' title='bbox 1822 2840 1996 2934; x_wconf 81' lang='lat' dir='ltr'><strong>ratio-</strong></span> 
     </span>
    </p>
   </div>
   <div class='ocr_carea' id='block_1_3' title="bbox 600 2957 1995 3903">
    <p class='ocr_par' dir='ltr' id='par_1_4' title="bbox 600 2957 1995 3903">
     <span class='ocr_line' id='line_1_16' title="bbox 600 2957 1995 3129; baseline 0.013 -54"><span class='ocrx_word' id='word_1_89' title='bbox 600 2993 790 3084; x_wconf 83' lang='lat' dir='ltr'><strong>nem.¹</strong></span> <span class='ocrx_word' id='word_1_90' title='bbox 813 2967 980 3108; x_wconf 89' lang='lat' dir='ltr'><strong>Quod</strong></span> <span class='ocrx_word' id='word_1_91' title='bbox 1024 2957 1234 3074; x_wconf 82' lang='lat' dir='ltr'><strong>sivero</strong></span> <span class='ocrx_word' id='word_1_92' title='bbox 1276 2969 1392 3076; x_wconf 86' lang='lat' dir='ltr'><strong>leve</strong></span> <span class='ocrx_word' id='word_1_93' title='bbox 1427 2977 1534 3074; x_wconf 92' lang='lat' dir='ltr'><strong>hoc</strong></span> <span class='ocrx_word' id='word_1_94' title='bbox 1578 2976 1850 3083; x_wconf 87' lang='lat' dir='ltr'><strong>scribendi</strong></span> <span class='ocrx_word' id='word_1_95' title='bbox 1891 3025 1995 3129; x_wconf 80' lang='lat' dir='ltr'><strong>pc·-</strong></span> 
     </span>
     <span class='ocr_line' id='line_1_17' title="bbox 629 3126 1991 3284; baseline 0.011 -50"><span class='ocrx_word' id='word_1_96' title='bbox 629 3129 863 3270; x_wconf 87' lang='lat' dir='ltr'><strong>riculurn</strong></span> <span class='ocrx_word' id='word_1_97' title='bbox 922 3126 1321 3276; x_wconf 84' lang='lat' dir='ltr'><strong>perlegentibus</strong></span> <span class='ocrx_word' id='word_1_98' title='bbox 1377 3128 1547 3233; x_wconf 90' lang='lat' dir='ltr'><strong>Vobis</strong></span> <span class='ocrx_word' id='word_1_99' title='bbox 1596 3169 1708 3236; x_wconf 92' lang='lat' dir='ltr'><strong>non</strong></span> <span class='ocrx_word' id='word_1_100' title='bbox 1739 3146 1991 3284; x_wconf 25' lang='lat' dir='ltr'><strong>‘omnino</strong></span> 
     </span>
     <span class='ocr_line' id='line_1_18' title="bbox 628 3284 1989 3446; baseline 0.012 -57"><span class='ocrx_word' id='word_1_101' title='bbox 628 3284 1000 3432; x_wconf 85' lang='lat' dir='ltr'><strong>displicuerit,</strong></span> <span class='ocrx_word' id='word_1_102' title='bbox 1050 3307 1105 3390; x_wconf 87' lang='lat' dir='ltr'><strong>et</strong></span> <span class='ocrx_word' id='word_1_103' title='bbox 1152 3287 1227 3388; x_wconf 86' lang='lat' dir='ltr'><strong>sic</strong></span> <span class='ocrx_word' id='word_1_104' title='bbox 1278 3284 1653 3392; x_wconf 87' lang='lat' dir='ltr'><strong>benevolentia</strong></span> <span class='ocrx_word' id='word_1_105' title='bbox 1703 3291 1828 3422; x_wconf 92' lang='lat' dir='ltr'><strong>illa,</strong></span> <span class='ocrx_word' id='word_1_106' title='bbox 1881 3339 1989 3446; x_wconf 91' lang='lat' dir='ltr'><strong>qua</strong></span> 
     </span>
     <span class='ocr_line' id='line_1_19' title="bbox 625 3439 1986 3594; baseline 0.015 -53"><span class='ocrx_word' id='word_1_107' title='bbox 625 3446 882 3588; x_wconf 90' lang='lat' dir='ltr'><strong>prosequi</strong></span> <span class='ocrx_word' id='word_1_108' title='bbox 909 3455 998 3546; x_wconf 88' lang='lat' dir='ltr'><strong>rne</strong></span> <span class='ocrx_word' id='word_1_109' title='bbox 1027 3446 1332 3588; x_wconf 85' lang='lat' dir='ltr'><strong>numquam</strong></span> <span class='ocrx_word' id='word_1_110' title='bbox 1360 3439 1589 3551; x_wconf 87' lang='lat' dir='ltr'><strong>desiistis</strong></span> <span class='ocrx_word' id='word_1_111' title='bbox 1607 3525 1620 3572; x_wconf 94' lang='lat'><strong>,</strong></span> <span class='ocrx_word' id='word_1_112' title='bbox 1638 3454 1806 3594; x_wconf 76' lang='lat' dir='ltr'><strong>magis</strong></span> <span class='ocrx_word' id='word_1_113' title='bbox 1825 3461 1986 3562; x_wconf 87' lang='lat' dir='ltr'><strong>etiam</strong></span> 
     </span>
     <span class='ocr_line' id='line_1_20' title="bbox 627 3597 1987 3748; baseline 0.015 -46"><span class='ocrx_word' id='word_1_114' title='bbox 627 3622 785 3702; x_wconf 88' lang='lat' dir='ltr'><strong>aucta</strong></span> <span class='ocrx_word' id='word_1_115' title='bbox 833 3598 994 3708; x_wconf 85' lang='lat' dir='ltr'><strong>fuerit</strong></span> <span class='ocrx_word' id='word_1_116' title='bbox 1039 3623 1095 3704; x_wconf 88' lang='lat' dir='ltr'><strong>et</strong></span> <span class='ocrx_word' id='word_1_117' title='bbox 1158 3597 1405 3726; x_wconf 83' lang='lat' dir='ltr'><strong>firmata,</strong></span> <span class='ocrx_word' id='word_1_118' title='bbox 1462 3604 1717 3748; x_wconf 88' lang='lat' dir='ltr'><strong>equidem</strong></span> <span class='ocrx_word' id='word_1_119' title='bbox 1773 3650 1987 3722; x_wconf 87' lang='lat' dir='ltr'><strong>summa</strong></span> 
     </span>
     <span class='ocr_line' id='line_1_21' title="bbox 621 3757 1986 3903; baseline 0.016 -48"><span class='ocrx_word' id='word_1_120' title='bbox 621 3793 851 3903; x_wconf 81' lang='lat' dir='ltr'><strong>quaeque</strong></span> <span class='ocrx_word' id='word_1_121' title='bbox 879 3793 1103 3867; x_wconf 81' lang='lat' dir='ltr'><strong>measse</strong></span> <span class='ocrx_word' id='word_1_122' title='bbox 1132 3784 1436 3864; x_wconf 86' lang='lat' dir='ltr'><strong>assecutum</strong></span> <span class='ocrx_word' id='word_1_123' title='bbox 1463 3757 1748 3903; x_wconf 85' lang='lat' dir='ltr'><strong>gloriabor.</strong></span> <span class='ocrx_word' id='word_1_124' title='bbox 1773 3769 1986 3881; x_wconf 87' lang='lat' dir='ltr'><strong>Valete!</strong></span> 
     </span>
    </p>
   </div>
   <div class='ocr_carea' id='block_1_4' title="bbox 616 3910 1890 4071">
    <p class='ocr_par' dir='ltr' id='par_1_5' title="bbox 616 3910 1890 4071">
     <span class='ocr_line' id='line_1_22' title="bbox 616 3910 1890 4071; baseline 0.019 -60"><span class='ocrx_word' id='word_1_125' title='bbox 616 3911 798 4016; x_wconf 61' lang='lat' dir='ltr'><strong>&#39;Scribz</strong></span> <span class='ocrx_word' id='word_1_126' title='bbox 822 3910 963 4020; x_wconf 83' lang='lat' dir='ltr'><strong>Prid.</strong></span> <span class='ocrx_word' id='word_1_127' title='bbox 990 3910 1112 4018; x_wconf 92' lang='lat' dir='ltr'><strong>Kal.</strong></span> <span class='ocrx_word' id='word_1_128' title='bbox 1141 3915 1265 4020; x_wconf 86' lang='lat' dir='ltr'><strong>Jun.</strong></span> <span class='ocrx_word' id='word_1_129' title='bbox 1294 3915 1657 4026; x_wconf 83' lang='lat' dir='ltr'>MDCCCXX.</span> <span class='ocrx_word' id='word_1_130' title='bbox 1755 4017 1760 4024; x_wconf 86' lang='lat'><strong>.</strong></span> <span class='ocrx_word' id='word_1_131' title='bbox 1863 3987 1890 4071; x_wconf 54' lang='lat'><strong>,3</strong></span> 
     </span>
    </p>
   </div>
   <div class='ocr_carea' id='block_1_5' title="bbox 0 0 2264 5867">
    <p class='ocr_par' dir='ltr' id='par_1_6' title="bbox 0 0 2264 5867">
     <span class='ocr_line' id='line_1_23' title="bbox 0 0 2264 5867; baseline 0 0"><span class='ocrx_word' id='word_1_132' title='bbox 0 0 2264 5867; x_wconf 95' lang='lat' dir='ltr'><strong> </strong></span> 
     </span>
    </p>
   </div>
  </div>
 </body>
</html>
