4517 5867
657 599 724 673 190
1014 557 1661 644 aerariosvartnanrort

653 759 798 834 acriter
816 775 921 857 saepe
938 773 1015 885 pro
1032 744 1172 854 patriae
1190 740 1375 820 libertate
1387 755 1659 848 pugnassent,
1677 739 1759 819 nisi
1776 763 1860 848 proe
1874 747 2026 825 ceteris

585 907 588 916 ·
655 879 776 958 etiam
792 873 897 952 hoc
886 899 930 952 ιιι
949 871 1085 952 animo
1104 864 1276 951 infixum
1300 863 1559 964 habuissent,
1583 890 1628 943 se
1646 864 1931 970 sempiternam
1954 866 2027 946 ali-

656 995 820 1138 qnando
834 1005 1121 1075 consecuturos
1138 1013 1224 1068 esse
1237 985 1417 1092 gloriam.
1437 985 1598 1064 «Nemo
1611 1011 1795 1095 unquam
1807 987 2024 1090 minusu-

655 1122 747 1228 pio,
771 1113 1050 1226 persuadebit,
1073 1125 1144 1190 aut
1165 1124 1322 1217 patrem
1337 1123 1456 1188 tuum
1478 1105 1682 1210 Paullum,
1700 1125 1773 1188 aut
1788 1106 1895 1188 duos
1912 1137 2025 1214 avos,

654 1241 839 1324 Paullum
860 1256 900 1318 et
923 1233 1184 1334 Africanum,
1208 1247 1280 1312 aut
1304 1229 1481 1312 Africani
1506 1247 1691 1339 patrem,
1717 1247 1787 1312 aut
1808 1249 2024 1340 patruum,

657 1381 728 1446 aut
744 1361 892 1442 multos
910 1370 1138 1466 prestantes
1157 1353 1286 1456 viros,
1303 1376 1410 1461 quos
1424 1377 1664 1432 enumerare
1674 1378 1760 1434 non
1774 1371 1836 1432 est
1849 1381 2025 1453 necesse,

656 1500 766 1566 tanta
783 1509 869 1562 esse
886 1495 1065 1574 corratos,
1079 1499 1172 1585 que
1182 1472 1237 1553 ad
1249 1473 1495 1581 posteritatis
1507 1474 1741 1554 memoriam
1751 1477 2023 1582 pertinerent,

657 1607 735 1690 nisi
756 1605 894 1684 animo
913 1613 1144 1698 cernerent,
1161 1595 1439 1704 posteritatem
1459 1595 1573 1677 adse
1589 1598 1832 1705 pertinere.»
1847 1598 1942 1706 Cap.
1959 1597 2023 1680 23.

655 1725 760 1828 §82
778 1721 894 1808 Unde
908 1719 1055 1804 Cicaao
1077 1719 1199 1800 etiam
1219 1718 1266 1799 in
1284 1718 1643 1826 Consolatione(1)
1659 1717 1713 1800 de
1734 1717 1907 1800 lorfibus
1925 1723 2022 1801 viris

658 1850 857 1957 loquens,
885 1842 1021 1926 «suhi
1051 1869 1179 1945 vero,
1203 1840 1361 1950 inquit,
1387 1867 1438 1921 eo
1467 1837 1614 1949 justina
1638 1841 1685 1922 in
1709 1839 1813 1922 ooelo
1846 1841 2025 1924 collocati

658 1967 875 2068 videntur,
898 1993 983 2079 qno
1005 1963 1151 2046 clarior
1173 1987 1319 2049 eorum
1340 1961 1448 2042 inter
1471 1961 1656 2044 homines
1676 1961 1742 2044 vel
1763 1963 1890 2052 elusit
1920 1961 2025 2044 libe-

657 2089 790 2170 ralitas
809 2087 876 2168 rel
900 2089 1053 2188 victus,
1076 2101 1183 2164 etc.»
1206 2087 1261 2164 Et
1284 2082 1455 2192 prolatis
1478 2081 1652 2166 aliorum
1684 2083 1879 2190 exemplis
1903 2111 2026 2165 suum

657 2235 825 2318 quoque
854 2206 1046 2315 adjiciens
1074 2203 1177 2286 Cato
1207 2204 1379 2286 affirmat
1407 2231 1451 2284 se
1478 2228 1703 2316 numquam
1728 2207 1850 2286 tantis
1877 2233 2025 2318 corpus

658 2331 879 2410 l'raotnrum
905 2327 1025 2408 fuisse
1051 2325 1263 2408 laboribus
1286 2325 1536 2434 vigiliisque,
1565 2324 1645 2403 nisi
1670 2349 1784 2431 spem
1810 2327 2024 2408 maximam

655 2478 813 2558 semper
832 2450 1010 2547 aluisset,
1028 2449 1091 2528 sui
1116 2447 1352 2528 memoriam
1367 2446 1420 2527 ad
1437 2448 1711 2555 posteritatem
1737 2473 1824 2526 esse
1843 2475 2016 2555 perren-

658 2589 792 2652 turam
816 2569 884 2676 (a).
904 2602 924 2644 e
946 2571 1012 2650 An
1037 2594 1200 2670 censes,
1223 2593 1291 2648 me
1319 2583 1454 2648 tantos
1478 2567 1635 2646 labores
1662 2565 1833 2648 diurnos
1857 2587 2025 2650 noetur-

516 2777 519 2789 ι
655 2701 815 2804 nosque
841 2691 955 2770 domi
982 2687 1218 2799 militiaeque
1243 2706 1523 2796 suseepturum
1551 2687 1699 2789 luisse,
1732 2688 1768 2768 si
1796 2688 1940 2772 iisdem
1973 2691 2024 2770 fi-

658 2813 781 2892 nibus
810 2812 979 2917 gloriam
1009 2837 1168 2908 meam,
1194 2810 1347 2920 quibus
1377 2811 1526 2912 vitam,
1552 2835 1683 2889 essem
1706 2812 2026 2892 terminaturus?

659 2961 796 3018 nonne
815 2931 959 3016 melius
975 2930 1106 3012 multo
1118 2930 1280 3036 fuisset,
1298 2935 1469 3014 otiosam
1485 2946 1643 3011 etatem
1665 2945 1708 3010 et
1732 2933 1910 3039 quietam
1936 2935 2023 3014 sina

658 3054 744 3134 ullo
764 3053 902 3134 labore
918 3069 961 3135 et
977 3053 1236 3135 contentione
1253 3051 1520 3133 traducerei'a
1542 3049 1687 3154 Quod,
1707 3068 1756 3132 ut
1777 3080 1896 3162 supra
1916 3056 2024 3139 vidi-

659 3204 767 3274 mus,
784 3174 912 3258 simile
935 3193 996 3256 est
1011 3173 1191 3256 secundo
1210 3174 1326 3287 quod
1342 3173 1395 3256 do
1413 3175 1551 3256 Animi
1570 3173 1872 3256 immortalitate
1892 3177 2023 3287 Cyrus

657 3295 900 3406 protulerat,
928 3312 1187 3404 argumento,
1216 3314 1259 3377 et
1287 3323 1372 3406 quo
1392 3295 1577 3379 Socrates
1609 3324 1778 3410 quoque
1812 3299 1940 3381 utitur
1969 3300 2021 3382 de

702 3583 745 3676 (1)
765 3583 865 3649 Τοιιι.
878 3583 937 3649 ῙΧ.
948 3607 1024 3674 pag.
1041 3585 1118 3673 395.
1136 3585 1215 3653 edit.
1229 3583 1363 3677 bipont.
1378 3583 1480 3652 Conf-
1495 3585 1702 3656 nanum
1716 3583 1791 3654 Clio
1800 3587 1867 3655 sire
1876 3588 1925 3657 De
1937 3587 2019 3654 His-

659 3687 743 3754 toria
751 3685 880 3775 Dialog.
890 3687 935 3754 11.
949 3713 1021 3782 esp.
1033 3691 1133 3779 l.§9.

636 3891 639 3898 ·
702 3872 751 3964 (ι)
774 3825 1727 3968 CompuetmeximimloemphilosophianeoGdli:
1745 3835 2018 3971 «unj’asep

510 3973 514 3978 ’
636 3969 794 4046 ἰουΗιιι
803 4003 846 4046 en
858 3992 939 4048 cette
951 3983 1004 4049 rie
1013 4005 1103 4070 pour
1112 4005 1157 4050 ne
1166 4006 1277 4072 pasen
1287 3983 1436 4051 arenam
1452 4005 1522 4049 une
1534 3997 1639 4052 autre.
1657 3985 1777 4052 Toutes
1788 3986 1837 4051 les
1851 3985 2018 4052 subtilitis

656 4084 739 4151 dela
748 4085 1001 4176 mitaphysique
1012 4109 1055 4152 ne
1067 4109 1123 4156 me
1132 4085 1246 4154 seront
1254 4109 1313 4176 pas
1322 4088 1441 4152 donter
1450 4109 1502 4154 un
1512 4101 1667 4155 moment
1674 4091 1716 4156 de
1723 4089 1965 4157 l'immortalite
1975 4094 2018 4159 de

654 4186 908 4256 ldmeetdune
920 4190 1252 4278 provideneedrvrne
1266 4192 1304 4256 le
1318 4193 1453 4276 haene,
1466 4193 1542 4279 jela
1555 4217 1660 4278 crore,
1677 4194 1928 4281 jalavenx,1e
1945 4195 2017 4262 l'es

655 4291 747 4376 pere,
757 4289 1133 4380 jeladiiendraijusqu’
1133 4296 1153 4360 a
1166 4317 1250 4360 mon
1263 4297 1397 4363 dernier
1405 4298 1533 4388 eoupir.
1523 4321 1558 4363 ι
1573 4299 1605 4366 J
1619 4299 1650 4366 J.
1662 4298 1876 4453 Ronanus,
1878 4302 2017 4377 bettrei

655 4389 804 4462 volsire
817 4394 918 4463 surle
931 4415 1088 4464 munere
1101 4398 1143 4464 de
1157 4399 1335 4467 Liabonne.
1906 4459 1912 4470 ,
1942 4419 1951 4466 ι
