4517 5867
477 530 721 607 nnsnonsro
745 532 810 603 an
833 532 1139 623 Qunsnounru
1163 534 1408 609 nursrcm.
1615 564 1653 610 tt

288 772 420 829 omnes
439 743 488 828 de
509 743 712 828 identitate
727 742 839 827 fluidi
857 746 1066 857 utriusque
1084 743 1136 825 ad
1152 772 1198 827 se
1218 746 1432 830 sententias
1453 748 1657 860 alliciebat.

288 876 393 953 Tum
411 870 531 953 etiam
550 869 742 981 temporis
760 868 964 979 ingenium
980 896 1100 953 suum
1114 869 1215 951 mire
1234 866 1473 950 exercitabat
1489 872 1658 957 celeber-

281 982 412 1081 rimus
429 997 572 1103 Davy,
596 994 666 1103 qui
683 992 875 1103 physicus
893 992 999 1074 idem
1022 1008 1061 1073 et
1080 990 1361 1102 philosophus,
1377 992 1658 1102 experimentis

286 1118 372 1216 suis
392 1134 432 1198 et
449 1114 791 1199 observationibus
809 1114 1004 1197 chemicas
1022 1112 1248 1232 disciplinas
1265 1114 1432 1199 mirifice
1447 1115 1660 1225 locupleta-

286 1241 367 1322 bat.
387 1244 577 1353 Magnum
597 1239 694 1351 quid
711 1240 894 1338 tentavit,
924 1237 994 1320 sed
1011 1238 1167 1351 longius
1184 1265 1419 1349 progressus
1446 1256 1548 1321 esset
1565 1240 1660 1338 nisi,

288 1381 495 1471 propterea
526 1362 634 1471 quod
661 1362 763 1444 alius
792 1364 984 1473 physicus
1012 1392 1105 1443 cum
1131 1364 1519 1463 coconsentivisset,
1543 1364 1660 1446 novis

287 1510 372 1563 sese
400 1484 669 1593 applicuisset,
697 1513 871 1595 suasque
892 1503 1019 1567 rectas
1041 1488 1256 1569 sententias
1282 1488 1529 1596 aliquantum
1551 1486 1660 1566 dese·

287 1607 443 1687 ruisset.
461 1610 655 1691 Praetereo
677 1608 862 1692 aloalium
879 1610 1150 1693 reductionem
1167 1638 1290 1721 quam
1307 1610 1464 1720 primus
1479 1609 1632 1693 invenit
1649 1642 1661 1707 ;

277 1731 365 1811 whoc
380 1732 486 1813 enim
499 1732 786 1841 phaenomcnon
798 1730 969 1817 fortunae
981 1763 1063 1819 non
1075 1737 1161 1844 ejus
1173 1734 1331 1846 ingenio
1350 1732 1550 1815 debemm.
1573 1732 1662 1811 Hoc

289 1853 387 1933 item
409 1852 618 1965 obtigisset
642 1856 719 1941 alio
746 1857 890 1957 cuivis,
917 1860 988 1968 qui
1013 1858 1156 1943 validis
1182 1856 1376 1939 columnis
1394 1854 1588 1936 institutis
1608 1853 1662 1935 ad

209 2068 213 2075 ,
288 1976 764 2061 Cruiskhanckrationem
773 2008 859 2061 sese
868 1980 1119 2091 diligenteret
1127 1998 1307 2062 accurate
1317 1976 1662 2060 accommodasset.

289 2099 390 2200 Quae
406 2116 540 2180 tamen
554 2102 646 2181 licet
659 2130 740 2181 non
758 2102 992 2211 investigata
1010 2101 1188 2183 reductio
1205 2103 1340 2213 magni
1356 2100 1549 2182 momenti
1565 2097 1664 2195 fuit,

287 2220 504 2327 minusque
522 2222 642 2300 etiam
663 2250 734 2328 per
758 2224 952 2327 seipsam
975 2222 1160 2303 notabilis
1183 2250 1304 2330 qnam
1326 2222 1379 2300 ob
1401 2220 1565 2304 effectus
1587 2218 1665 2299 exi·
1712 2294 1716 2300 .

289 2340 393 2419 mios
416 2366 518 2450 quos
536 2339 686 2421 habuit.
709 2340 893 2450 Namque
914 2341 958 2429 hi
980 2341 1077 2422 tales
1098 2340 1262 2423 fuerunt
1282 2358 1329 2421 ut
1349 2340 1496 2423 resolvi
1521 2340 1569 2421 in
1591 2366 1665 2420 sua

288 2460 481 2540 elementa
501 2462 724 2571 potuerint,
743 2462 875 2542 medio
893 2462 1085 2562 chemico,
1104 2491 1270 2572 corpora
1290 2491 1379 2573 quae
1397 2489 1478 2543 nou
1494 2460 1573 2541 nisi
1596 2488 1664 2571 po·

287 2598 427 2663 testate
445 2582 652 2666 divellente
665 2585 859 2667 columnae
872 2586 985 2693 prius
1003 2586 1175 2667 resoluta
1193 2582 1365 2684 fuerant3
1383 2582 1530 2695 quibus
1543 2579 1665 2663 etiam

287 2702 405 2784 fiebat
430 2721 477 2785 ut
502 2720 609 2785 recte
636 2724 965 2816 cognoscerentur
992 2708 1291 2819 compositionis
1319 2708 1546 2808 relationes,
1573 2732 1689 2816 quac,

287 2826 509 2930 hucusque,
526 2858 576 2907 ne
594 2831 772 2927 cogitatae
790 2830 951 2939 quidem
970 2828 1139 2913 fueraut.
1158 2824 1368 2914 Nov'orum
1384 2830 1561 2929 intelligo
1578 2857 1663 2904 me·

289 2946 476 3028 tallorum
493 2937 826 3021 combinationem
844 2964 937 3016 cum
956 2950 1300 3017 combustibilibus
1318 2935 1628 3022 acidifiabilibus.

345 3152 483 3258 Davy,
500 3172 603 3255 aqua
621 3157 803 3225 accurate
822 3136 1115 3249 decomposita,
1139 3166 1228 3219 eam
1251 3143 1452 3225 continere
1474 3145 1662 3232 volumen

292 3300 420 3353 nuum
438 3267 610 3379 oxigenii
632 3282 672 3347 et
693 3265 774 3346 duo
803 3260 1041 3373 hydrogenii
1063 3263 1227 3347 invenit.
1256 3264 1359 3368 Quae
1378 3265 1663 3351 elementorum

296 3421 408 3503 aquae
425 3404 748 3475 memoratorum
765 3384 1041 3469 determinatio
1064 3386 1189 3467 altera
1211 3386 1278 3469 via
1301 3386 1422 3483 exstit
1444 3385 1496 3468 ad
1518 3389 1663 3471 doctri·

296 3544 391 3601 nam
403 3513 708 3623 proportionum
723 3538 795 3619 per
812 3509 1034 3609 volumina3
1051 3509 1228 3618 priorem
1245 3509 1354 3592 uam
1366 3509 1572 3593 invenerat
1581 3510 1664 3620 jam

298 3642 369 3723 diu
384 3654 475 3719 ante
491 3636 676 3733 Kirwam
690 3634 760 3743 qni
773 3632 931 3713 acidum
949 3628 1204 3735 muriaticam
1220 3631 1493 3720 voluminibus
1506 3634 1666 3743 oequali-

296 3762 373 3849 hus
391 3759 531 3845 chiorii
553 3774 593 3839 et
614 3754 858 3865 hydrogenii‘
875 3770 1055 3835 constare
1078 3756 1261 3865 agnovit:
1280 3756 1372 3837 miri
1390 3782 1465 3865 pro
1486 3772 1664 3863 tempore

300 3904 463 3973 eventus
488 3880 558 3991 qm
581 3878 890 3988 comprobarunt
912 3893 1059 3986 quanta
1082 3904 1176 3958 eum
1198 3893 1380 3958 accurata
1404 3877 1665 3958 concinnitate

301 4009 371 4087 cel.
389 4004 667 4089 mechanicus
685 4001 953 4111 experimenta
972 4027 1044 4081 cua
1062 3999 1303 4080 institueret:
1317 4001 1424 4077 Tum
1446 3998 1565 4081 etiam
1586 4003 1665 4081 aci-

221 4199 224 4204 ,
304 4128 401 4211 dnm
409 4127 683 4235 sulphuricum
691 4126 734 4207 in
742 4123 1205 4233 acidumsulphurosum,
1215 4120 1429 4231 sulphuret
1437 4123 1666 4234 oxigenium

306 4248 590 4355 decomposuit.
607 4248 777 4329 Acidum
794 4248 983 4329 uitricum
1000 4246 1085 4326 loco
1103 4243 1286 4325 muriatis
1301 4244 1536 4325 ammoniaci
1549 4244 1592 4323 in
1605 4267 1664 4322 co·

308 4373 455 4453 lumnae
467 4385 658 4477 apparatu
673 4368 869 4469 aditibuit3
886 4366 1055 4481 indeque
1073 4367 1314 4455 activitatem
1330 4365 1457 4448 multo
1475 4365 1665 4474 majorem

1462 4514 1495 4561 2·
