4517 5867
655 624 699 721 7⁶
1066 624 1223 697 manc.
1248 622 1335 693 sle.
1359 622 1649 695 scHOLLtEnT

658 851 780 935 quem
799 825 882 903 scio
902 822 952 903 ad
969 824 1133 903 Petrum
1150 824 1368 929 pertinere,
1386 849 1517 901 emam
1536 836 1577 899 et
1594 817 1786 926 accipiam
1802 846 1825 898 a
1846 822 2022 920 Ioanne,

656 947 727 1057 qui
754 945 939 1055 quolibet
962 944 1082 1024 titulo
1106 943 1206 1023 dicit
1226 971 1268 1024 se
1293 945 1402 1023 illius
1423 941 1539 1023 fundi
1560 940 1792 1044 dominum,
1813 942 1913 1021 mali
1933 944 2024 1024 fide

655 1094 909 1175 possessurus
928 1098 1043 1171 sum,
1065 1066 1108 1147 id
1127 1085 1284 1171 tamen,
1308 1094 1403 1148 cum
1429 1067 1627 1175 possessio
1652 1090 1742 1142 mea
1765 1063 1875 1171 justo
1898 1067 2022 1146 titulo

656 1186 870 1292 fundetur,
892 1193 1055 1300 probari
1080 1190 1203 1273 debet
1219 1208 1290 1270 art.
1311 1188 1416 1271 2268
1435 1186 1534 1268 Cod.
1557 1187 1642 1266 Civ.
1662 1186 1775 1288 Quin
1796 1189 1918 1265 etiam
1935 1216 2024 1267 non

655 1311 787 1392 solum
821 1317 1017 1421 possessio
1046 1315 1178 1413 illius,
1208 1317 1281 1423 qui
1308 1314 1473 1393 titulum
1498 1308 1641 1411 habet,
1667 1326 1715 1387 ut
1745 1336 1823 1414 ego
1851 1312 1896 1388 in
1928 1338 2025 1391 casu

656 1460 777 1541 supra
805 1436 959 1542 posito,
976 1466 1061 1516 non
1079 1438 1337 1545 praesumitur
1356 1437 1461 1515 malai
1479 1434 1559 1514 fide
1583 1430 1749 1547 inlecta,
1766 1430 1836 1510 sed
1857 1460 1908 1511 ne
1926 1434 2024 1542 qui·

656 1553 750 1633 dem
765 1558 962 1661 possessio
982 1556 1105 1653 illius,
1125 1558 1198 1664 qui
1211 1556 1435 1661 praescribit
1452 1582 1526 1663 per
1540 1554 1592 1635 30
1604 1581 1746 1654 annos,
1758 1557 1912 1633 tametsi
1925 1554 2024 1634 nul-

656 1672 743 1751 lum
770 1675 1037 1778 possessionis
1059 1700 1139 1753 suae
1168 1673 1334 1756 titulum
1359 1674 1527 1771 habeat;
1557 1703 1673 1776 nam,
1701 1690 1747 1752 ut
1771 1674 1950 1753 vidimus
1972 1700 2026 1754 ex

659 1808 730 1871 art.
746 1794 850 1875 2262
861 1853 873 1896 ,
886 1796 1125 1903 praescribit,
1141 1829 1161 1870 a
1179 1824 1270 1876 sans
1286 1797 1411 1908 qu’on
1428 1798 1564 1906 puisse
1583 1796 1640 1876 lui
1659 1822 1834 1905 opposer
1852 1795 2026 1902 l’excep·

657 1915 746 1993 tion
769 1914 933 1997 de‘duite
948 1918 999 1997 de
1018 1918 1054 1996 la
1072 1920 1274 1999 mauvaise
1289 1917 1356 1999 foi.
1372 1952 1393 1994 a
1408 1918 1532 1999 Aliud
1547 1937 1677 1999 autem
1693 1916 1898 2030 quondam
1910 1916 2025 1996 obti-
2072 1970 2078 1979 ·

658 2036 798 2134 nebat;
817 2060 911 2117 nam
921 2041 955 2118 si
965 2042 1055 2150 quis
1074 2042 1283 2121 convictus
1302 2060 1408 2146 erat,
1421 2070 1509 2122 rem
1518 2042 1767 2152 acquisivisse
1781 2040 1946 2120 scientid
1954 2040 2021 2116 rei
2113 2138 2119 2147 ς

658 2155 816 2261 alicnae,
832 2159 984 2239 nullam
1001 2164 1344 2271 praescriptionem
1355 2182 1513 2272 poterat
1526 2164 1809 2273 opponere(1).
1819 2164 2024 2243 ceterum

536 2325 539 2331 -
655 2276 749 2355 licet
765 2283 964 2385 possessio
982 2283 1085 2361 meld
1097 2283 1176 2363 fide
1195 2285 1339 2364 inlecta
1352 2314 1439 2365 nou
1456 2285 1589 2366 obstet
1606 2286 1657 2365 de
1680 2290 1776 2366 lure
1795 2283 2024 2377 Hodierno,

658 2402 878 2506 quominus
899 2430 1075 2509 peream
1099 2404 1211 2511 lapsu
1235 2405 1289 2486 30
1308 2434 1507 2483 annorum
1524 2409 1725 2510 possimus
1743 2404 2027 2511 praescribere,

657 2518 843 2625 pluribus
865 2539 998 2603 tamen
1020 2525 1281 2629 possessionis
1303 2523 1513 2617 effectibus
1539 2522 1831 2627 impedimento
1857 2542 1939 2623 est,
1962 2526 2029 2603 uti

562 2749 565 2758 Ι
657 2640 883 2722 videbimus
896 2644 939 2721 in
956 2645 1132 2733 sectione
1150 2644 1302 2752 quintd.

708 2866 797 2941 Alia
815 2868 959 2940 vitiosa
977 2856 1176 2968 possessio
1197 2837 1258 2939 e'st
1281 2874 1478 2969 possessio
1498 2872 1678 2952 violenta
1702 2888 1774 2952 art.
1802 2872 1908 2955 2233
1922 2871 2026 2954 Cod.

658 2984 742 3067 Civ.
759 2982 960 3063 Violentia
982 2980 1054 3061 hac
1079 2982 1122 3060 in
1143 2984 1309 3061 materiai
1328 2986 1511 3064 consistit
1530 2988 1574 3064 in
1597 2986 1783 3096 quolibet
1802 3006 1914 3092 actu,
1936 3021 2026 3101 quo

657 3108 747 3214 quis
774 3104 824 3183 ad
848 3106 1143 3213 possessionem
1167 3105 1453 3215 acquirendam
1484 3107 1697 3187 dominum
1720 3109 1849 3189 fundo
1875 3111 2024 3220 dejicit

655 3232 765 3308 Patet
782 3227 893 3327 hinc,
914 3227 1192 3308 definitionem
1209 3226 1445 3308 violentiaea
1459 3227 1609 3309 Codice
1628 3231 1764 3311 datam
1777 3234 1821 3311 in
1835 3251 1907 3312 art
1924 3262 2024 3319 1112

661 3350 812 3433 attendi
832 3378 917 3431 non
937 3349 1102 3453 debere,
1117 3377 1168 3431 co
1185 3349 1302 3461 quod
1321 3351 1372 3451 is,
1390 3354 1465 3460 qui
1479 3352 1651 3461 simplici
1664 3354 1731 3433 vid
1748 3354 1841 3434 facti
1856 3356 2023 3439 domum

662 3477 725 3557 vel
750 3472 924 3555 fundum
957 3499 1074 3553 suum
1096 3472 1303 3581 possidere
1325 3471 1569 3578 impeditur,
1597 3475 1833 3556 violentiam
1856 3482 1937 3587 pati
1956 3480 2023 3559 hic

664 3594 1056 3697 intelligitur3unde,
1070 3612 1116 3673 ut
1129 3597 1328 3702 possessio
1340 3592 1418 3707 hoc
1432 3596 1532 3675 vitio
1543 3594 1729 3677 laborare
1743 3600 2021 3699 videatur,suf·

665 3716 765 3813 ficit,
789 3740 876 3793 cam
895 3740 980 3793 esse
1001 3717 1042 3794 vi
1064 3716 1307 3826 acquisitam.
1323 3714 1542 3819 Caeterum,
1554 3735 1601 3826 ut
1618 3721 1709 3829 quis
1728 3720 2020 3824 possessionem

660 3840 703 3920 ni
722 3836 999 3949 acquisivisse,
1021 3854 1061 3917 et
1083 3837 1235 3918 idcirco
1262 3838 1302 3917 vi
1324 3837 1531 3944 possidere
1550 3840 1812 3943 intelligatur,
1831 3840 1936 3921 nihil
1954 3845 2018 3923 in·

665 3979 802 4063 terest,
814 3980 954 4041 unum
970 3962 1022 4041 sit
1034 3962 1119 4069 ipse
1135 3959 1343 4061 dominus,
1356 3989 1410 4040 au
1425 3988 1521 4041 vero
1536 3960 1652 4063 alius,
1665 3964 1737 4070 qui
1756 3961 1841 4070 ejus
1852 3970 2021 4045 nomine

666 4082 865 4189 possidet,
895 4110 1019 4191 quem
1045 4080 1212 4191 dejecit,
1240 4083 1337 4192 quia
1362 4082 1516 4193 dejecto
1546 4083 1638 4189 illo,
1658 4085 1731 4194 qui
1757 4088 1922 4168 nomine
1945 4085 2020 4168 do·

705 4362 753 4449 (r)
775 4364 813 4435 V.
826 4363 989 4443 Parnase,
1002 4363 1111 4432 Traitd
1124 4362 1167 4432 de
1183 4363 1215 4430 la
1230 4362 1449 4451 Proscription
1459 4411 1469 4443 ,
1481 4384 1532 4431 nr.
1551 4360 1625 4451 173.
1722 4357 1726 4363 ’
