4517 5867
859 594 1056 667 orrrrro.
1464 663 1469 667 .
1600 564 1642 672 {5

274 807 400 907 solus,
423 802 834 913 nullibiperegrinus
849 804 945 901 erit}
963 804 1007 884 in
1029 800 1168 883 medio
1190 796 1453 911 ineonstantis
1477 812 1642 913 ooeani,

271 929 319 1008 in
345 926 559 1037 scopuloso
585 926 787 1007 montium
815 926 1007 1026 culmine,
1035 922 1088 1005 ad
1114 925 1221 1032 ripas
1246 927 1426 1031 spumosi
1449 934 1641 1011 torrentis

275 1048 454 1129 autlenis
471 1047 615 1150 rivuli,
629 1050 673 1129 in
690 1046 802 1165 arida
815 1047 1002 1154 planitie,
1019 1063 1161 1127 natura
1174 1046 1302 1127 oeulis
1313 1046 1400 1155 ejus
1421 1072 1515 1129 reru
1541 1076 1640 1156 oon·

262 1170 534 1283 ,templatione
574 1168 707 1275 dignis
738 1166 886 1276 majora
916 1194 991 1247 neo
1013 1170 1148 1247 minus
1167 1184 1277 1274 grata
1293 1168 1457 1249 exbibet
1469 1169 1640 1277 ostento,

273 1315 396 1398 quam
410 1318 674 1400 quorsumque
684 1289 807 1395 longo
822 1291 1016 1398 temporis
1033 1307 1181 1391 macto,
1198 1317 1314 1386 auro,
1332 1308 1374 1371 et
1386 1295 1566 1398 potentia
1581 1320 1642 1373 ae·

273 1412 469 1491 cumulari
486 1424 656 1519 possunt
674 1414 718 1491 in
736 1410 980 1493 sublimibus
996 1424 1228 1521 magnatum
1247 1414 1488 1520 porticibus,
1505 1431 1577 1494 aut
1593 1416 1641 1494 in

271 1532 524 1639 amplissimis
540 1534 850 1616 universitatum
866 1536 1034 1615 musteis.

318 1718 367 1795 ln
395 1746 647 1829 quacumque
679 1719 867 1823 officina,
894 1721 939 1798 in
968 1745 1223 1829 quacumque
1257 1720 1533 1825 operariorum
1567 1702 1637 1799 aut

268 1838 463 1919 artificum
483 1834 633 1920 fabrica
651 1830 886 1941 diversetur,
903 1839 1049 1920 nullibi
1068 1866 1208 1941 cecus,
1225 1839 1371 1919 nullibi
1384 1827 1524 1919 'mutin
1542 1841 1636 1937 erit3

267 1986 352 2039 non
378 1963 505 2069 inepti
531 1987 578 2041 wac
604 1960 768 2067 gloriosi
798 1962 880 2045 ritu
906 1954 1092 2059 litterati,
1113 1987 1199 2039 non
1220 1959 1363 2067 putido
1392 1950 1636 2041 eruditionis

267 2084 555 2185 ostentatione,
576 2082 648 2161 sed
664 2076 860 2182 materiae,
880 2074 995 2189 operi
1013 2097 1054 2162 et
1071 2078 1206 2186 opifici
1224 2078 1411 2187 adaptato·
1430 2068 1635 2189 colloquio

266 2194 575 2311 ubique‘pot'est
593 2196 728 2309 lepidi
749 2204 895 2280 instrui
914 2196 955 2281 et
976 2201 1195 2296 iustruere;
1220 2201 1402 2308 dumque
1426 2202 1636 2304 emetitur,

268 2317 566 2430 quantolabore
579 2338 620 2400 et
636 2321 801 2419 sudore,
818 2344 899 2427 qua
911 2319 1149 2398 dexteritate
1161 2346 1264 2427 opus
1275 2319 1518 2426 perficiatur,
1533 2320 1636 2429 quid

266 2436 402 2547 opifex
413 2440 609 2547 producat
626 2457 667 2519 et
679 2437 859 2519 conferat
877 2437 1099 2546 adpublim
1117 2440 1344 2541 eommoda,
1362 2466 1483 2549 quam
1498 2443 1633 2519 existi·

265 2562 504 2661 mationem,
517 2562 966 2668 remunerationemque
974 2576 1252 2666 promereatur
1264 2560 1382 2639 etiam
1395 2560 1474 2639 sub
1486 2559 1631 2640 humili

264 2698 369 2763 tecto
382 2669 550 2786 degens3
560 2668 749 2759 oninibns
766 2678 1008 2781 benevolus,
1025 2695 1067 2758 et
1074 2677 1266 2758 omnibus
1275 2679 1418 2759 charus
1434 2681 1542 2759 inter
1558 2707 1631 2761 eu-

262 2802 409 2913 jusque
425 2800 666 2881 conditionis
687 2798 872 2879 homiues
891 2798 975 2879 non
996 2817 1123 2880 cesset
1139 2800 1283 2880 beatos·
1301 2802 1450 2881 ducere
1471 2800 1567 2881 dies.

317 2988 426 3094 Dum
450 3012 478 3091 e
505 2980 763 3089 terrestribus
795 3004 1005 3083 assurgens
1031 2981 1410 3081 contemplationem
1438 2980 1557 3083 erigit
1585 2984 1631 3075 in

264 3104 467 3209 inlinitum
487 3100 602 3209 spatii
622 3110 662 3177 et
678 3098 886 3203 temporis,
904 3099 949 3174 in
967 3098 1209 3175 immensum
1227 3099 1455 3200 creationis,
1473 3125 1632 3183 evanes-

265 3228 358 3305 oite
378 3238 596 3328 conspectu
611 3216 700 3325 ejus
718 3240 873 3294 summa
895 3230 1084 3293 votorum
1104 3215 1336 3294 ambitionis
1358 3217 1559 3321 humanae,
1581 3240 1629 3305 ut

248 3346 383 3453 ¹spatii
401 3340 635 3421 insensibile
650 3352 863 3447 punctum,
881 3334 995 3444 quod
1014 3338 1058 3413 in
1075 3352 1283 3413 momento
1303 3340 1496 3443 temporis
1516 3354 1629 3420 exur-

193 3539 197 3547 ,
265 3468 325 3571 git
353 3480 393 3541 et
419 3461 656 3556 destruitur;
684 3473 811 3567 atque·
833 3459 991 3535 animus
1017 3457 1102 3562 ejus
1130 3455 1315 3535 induitur
1341 3462 1560 3540 constantia
1588 3463 1638 3541 et'

264 3584 426 3685 robore,
444 3579 593 3689 quibus
612 3579 742 3658 valeat
759 3577 957 3655 humanos
974 3604 1087 3656 casus
1102 3574 1301 3683 subjicere
1313 3575 1502 3683 pedibus,
1519 3589 1639 3664 rnen.=

186 3754 190 3763 .
264 3722 346 3785 tem
368 3704 547 3813 quietam
568 3698 803 3779 submittere
824 3696 952 3777 divini
970 3696 1150 3777 numinis
1171 3693 1329 3802 legibus
1348 3713 1389 3776 et
1404 3698 1641 3780 inevitabili

264 3825 502 3919 necessitati3
520 3820 758 3925 Religionis,
778 3818 1020 3925 virtutisque
1040 3816 1249 3923 fulcimine
1266 3835 1424 3926 'semper
1440 3834 1567 3919 tutus,
1586 3841 1640 3938 etv
1717 3846 1719 3849 ⁴

264 3950 306 4024 in
329 3966 584 4052 quarumque
604 3938 768 4017 fortuna
788 3936 1014 4044 intrepidus
1035 3963 1239 4017 summurn
1259 3938 1368 4018 diem
1389 3965 1466 4044 nee
1485 3942 1638 4049 optare'

264 4090 338 4145 nec
361 4054 630 4143 reformidare.
1275 4077 1277 4080 ’

321 4250 478 4359 Optimi
490 4249 655 4353 juvenes
671 4246 899 4347 academici,
919 4270 993 4339 ros
1015 4246 1087 4353 qni
1110 4273 1134 4324 a
1156 4262 1274 4325 rectae
1290 4247 1456 4327 rationis
1479 4274 1575 4349 usu,
1588 4278 1626 4363 'u

266 4396 369 4459 verae
381 4360 744 4463 .felicitatistramite
757 4364 942 4456 nondum
960 4364 1192 4465 deflexistis,
1215 4384 1286 4453 aut
1304 4367 1506 4463 deturbati
1525 4373 1620 4455 estis
1640 4414 1645 4423 ·
