4517 5867
524 539 527 547 ’
645 516 666 587 8
1017 499 1207 583 rotatus
1236 510 1457 583 BAl'flS‘l'AE
1479 511 1638 582 Morte

642 723 711 821 sit,
725 714 871 802 scilicet
887 716 991 800 inter
1008 716 1106 801 duas
1125 717 1396 800 electricitates
1413 716 1617 825 oppositas
1628 719 1840 827 eqtnlibrii
1851 720 2011 803 restitu-

640 846 800 932 tionem.
816 840 983 933 Putabat
1000 858 1134 925 autem
1153 841 1257 928 hanc
1277 839 1569 946 electricitatem
1587 842 1825 923 animalibus
1840 846 2011 953 peculia
2049 899 2054 909 ·

640 996 725 1049 rem
734 992 836 1048 esse:
851 982 892 1049 et
904 963 1173 1049 observationi
1184 960 1402 1045 effectuum
1415 962 1874 1063 electricoruminnixns,
1884 966 2012 1047 obser·

639 1089 773 1188 vavit,
798 1086 991 1171 vitalitate
1010 1114 1095 1167 sese
1112 1082 1386 1196 extinguente,
1405 1081 1572 1165 effectus
1596 1082 1718 1163 etiarn
1735 1082 2011 1192 languescere,

637 1224 814 1297 cessante
826 1237 940 1309 vero,
953 1208 1133 1305 deficere3
1146 1206 1212 1287 cui
1226 1205 1431 1286 sententiaa
1446 1205 1589 1286 lubens
1607 1202 1854 1286 assentiebat
1871 1206 2010 1315 Hujus

637 1334 746 1416 modi
761 1331 875 1414 initio
889 1328 1139 1413 Galvanismi
1146 1327 1334 1408 notiones
1346 1340 1474 1425 erant,
1492 1324 1563 1407 sed
1574 1352 1669 1407 mox
1681 1354 1754 1437 per
1765 1331 2010 1437 germaniam

636 1453 900 1537 disseminatae
921 1468 1027 1533 sunt.
1053 1448 1245 1532 Italorum
1268 1466 1401 1531 autem
1420 1450 1686 1558 physicorum
1701 1451 1909 1563 explicatio
1927 1481 2010 1535 non
2041 1461 2043 1464 ’

637 1576 785 1689 ubique
801 1574 962 1687 placuit.

688 1763 813 1865 Piaff,
830 1762 1085 1846 doctissimus
1094 1760 1160 1848 ille
1172 1759 1382 1872 physicus,
1392 1760 1726 1871 comparationem
1734 1786 1842 1844 ranae
1858 1786 2007 1872 organa

635 1892 738 1973 inter
755 1888 963 1995 ieidaeque
974 1883 1339 1995 lagonamineptam
1349 1884 1655 1985 demonstravit,
1669 1885 1903 1996 caeterisque
1920 1912 2009 1993 quae

634 2009 935 2121 comprobanda
957 2034 1042 2089 suae
1059 2005 1266 2091 sentemiae
1282 2005 1522 2090 inservirent
1538 2006 1696 2095 silentio
1714 2006 2012 2117 praetermissis,

633 2132 916 2245 experientiam
943 2127 1111 2241 protulit
1131 2126 1226 2229 ubi,
1251 2144 1422 2238 utraque
1448 2146 1652 2211 armatura
1668 2156 1793 2215 nervo
1810 2127 2010 2239 apposita,

631 2254 920 2337 contractiones
929 2250 1094 2349 fiebant,
1105 2249 1198 2331 lieet
1207 2249 1339 2331 hocin
1352 2276 1448 2332 casn
1463 2251 1724 2333 extremitatis
1742 2278 1858 2333 arcus
1871 2279 2010 2334 exone

632 2377 758 2459 rantis
782 2375 977 2475 machine
1000 2371 1231 2455 conductori
1256 2371 1567 2479 imponerentur.
1596 2374 1704 2455 Turn
1729 2370 2010 2457 celeberrimus
2037 2454 2041 2459 ,

585 2488 587 2493 ’
630 2499 751 2580 Volta
771 2498 959 2580 italorum
987 2484 1249 2606 physicorum
1276 2494 1513 2575 sententiam
1539 2493 1745 2603 amplexus
1770 2510 1850 2593 eet,
1884 2510 2009 2603 quam

625 2610 781 2721 tamen,
798 2619 1036 2730 experientia
1050 2616 1228 2714 edoctus,
1244 2614 1434 2715 deseruit,
1450 2632 1571 2727 atque
1586 2616 1646 2697 sio
1660 2614 1926 2700 eleniainti's
1940 2617 2010 2697 'ac-

630 2740 722 2825 dem
740 2744 867 2826 inesse
884 2744 927 2827 in
944 2738 1174 2838 armaturis,
1197 2738 1362 2850 ejusque
1386 2736 1652 2821 evolutionem
1671 2735 1723 2818 ab
1742 2735 2010 2845 heterogenei·

628 2877 709 2941 tate
733 2864 877 2940 harum
901 2860 1415 2953 edendarumnendere
1429 2859 1690 2941 anaemaris.
1714 2858 1818 2951 Qun
1842 2853 2010 2949 feliciter

630 2982 887 3092 cogitaverat,
903 3000 970 3067 ca,
985 2964 1143 3059 duobus
1160 2962 1331 3044 metallis
1344 2963 1613 3075 heterogcneis
1629 2968 1681 3049 ad
1698 2984 1924 3059 connmnm
1938 2978 2009 3057 ad-

630 3100 761 3183 ductis
783 3097 913 3204 iisque
930 3118 1004 3201 ope
1030 3085 1293 3185 electromelri
1308 3086 1482 3184 maxime
1503 3087 1702 3193 sensibilia
1722 3095 2007 3213 comprobatis,

628 3237 816 3304 executus
834 3231 904 3301 eat.

626 3470 628 3477 ,
681 3390 849 3477 Plurimi
869 3384 1052 3491 deinceps
1075 3378 1234 3491 physici
1250 3376 1354 3461 inter
1371 3392 1476 3489 quoa¹
1489 3396 1680 3487 prestant
1702 3382 1830 3484 Gran,
1841 3384 2005 3486 mse,

630 3522 723 3603 Van
729 3499 965 3604 Humboldt,
978 3501 1081 3601 Reii,
1098 3527 1218 3611 quem
1231 3514 1387 3585 mature
1405 3514 1535 3579 morte
1546 3498 1694 3579 naamis
1710 3521 1830 3617 atque
1841 3506 2006 3587 malicie

626 3634 846 3749 disciplinis
855 3643 1038 3738 ereptum
1051 3650 1207 3707 summe
1218 3622 1415 3734 lugemus,
1432 3618 1758 3707 existimaverunt
1769 3622 2004 3706 irritationis

632 3786 792 3845 caueam
821 3756 951 3837 inesse
974 3748 1018 3829 in
1035 3744 1226 3847 metallis,
1242 3740 1547 3825 irritabilitatem
1569 3768 1681 3840 vero,
1707 3741 1751 3821 in
1767 3744 2003 3853 corporibus

629 3880 834 3991 organicis.
855 3872 976 3955 Volta
1000 3866 1279 3979 experimentis
1302 3862 1580 3987 animadvertit
1605 3864 1649 3945 in
1674 3862 1867 3970 ejusmodi
1892 3866 2002 3975 phaa-

488 4096 492 4105 Α
626 4000 808 4085 nomenis
832 3994 1042 4091 carbonem
1064 3987 1214 4070 metalli
1235 3985 1601 4088 vicem'siretinere3
1622 4000 1742 4097 atque
1761 3986 2003 4080 Plaiicm

627 4122 768 4239 giravit
795 4118 962 4213 fluidum
989 4111 1231 4196 electricitati
1259 4107 1379 4192 affine
1408 4108 1602 4193 cuculum
1630 4107 1878 4218 galvanionm
1910 4134 2002 4217 per.-

619 4224 802 4343 cnrrere,
818 4260 857 4323 et
874 4244 916 4321 in
928 4238 1009 4320 hoc
1025 4263 1120 4316 casu
1138 4232 1491 4343 corpora‘madida,
1507 4230 1781 4313 sulfuretaaut
1794 4230 2000 4328 carlinreta

625 4366 822 4449 metallica
836 4361 997 4441 alterius
1016 4356 1168 4479 metalli·
1176 4372 1308 4462 partes
1325 4351 1670 4461 implereaBodem
1687 4369 1863 4465 tempore
1880 4352 1997 4440 Volta
