4517 5867
581 716 636 764 to·
937 687 1083 759 ravin
1106 686 1201 756 vos.
1224 683 1325 755 vau
1349 635 1577 783 nnn'rort

577 873 784 952 literarum
809 869 1036 956 ammitihus
1063 867 1278 972 leguntur,
1300 893 1397 944 cum
1424 860 1582 972 limpidi
1614 865 1695 944 sint
1721 888 1933 973 perennes·

577 1023 658 1108 que
677 994 826 1098 fontes,
845 992 954 1074 unde
973 991 1213 1072 hauriantur
1231 1015 1495 1099 quaecumque
1515 983 1673 1066 eruditi
1690 989 1937 1096 Antiquitate

577 1119 765 1226 praeclara
784 1119 1067 1212 continentur,
1090 1115 1174 1194 sive
1198 1111 1316 1192 altam
1343 1109 1544 1217 cogitandi
1563 1109 1851 1218 judicandique
1872 1135 1936 1185 ra-

576 1244 730 1322 tionem
754 1256 928 1349 spectes,
951 1240 1034 1316 sive
1063 1237 1254 1316 orationis
1282 1236 1504 1316 bonitatem
1525 1251 1565 1314 et
1587 1231 1811 1342 simplicem
1828 1230 1937 1309 illam

576 1390 654 1444 nec
682 1362 852 1442 fucatam
875 1363 1069 1439 Veterum
1094 1351 1254 1438 dicendi
1282 1358 1527 1462 elegantiam.
1550 1356 1587 1436 V
1589 1358 1629 1435 ix
1656 1356 1765 1434 enim
1790 1352 1942 1433 exstitit

578 1485 686 1564 ullus
703 1485 895 1590 scriptor,
912 1509 987 1560 nec
1005 1497 1095 1560 ante
1115 1481 1251 1580 illum,
1272 1508 1348 1564 nec
1366 1480 1451 1588 ipsi
1475 1480 1560 1588 cjus
1581 1496 1713 1576 aetate,
1730 1505 1805 1556 nec
1831 1473 1940 1584 apud

579 1621 783 1714 posteros,
803 1605 875 1714 qui
897 1601 983 1712 ejus
1008 1601 1172 1686 dicendi
1197 1601 1365 1710 gloriam
1387 1601 1617 1710 adaequarit.
1638 1599 1853 1704 Castigavit
1875 1595 1942 1675 ille

580 1726 895 1835 expurgavitque
912 1752 1140 1834 sermonem
1157 1723 1355 1834 patrium,
1375 1724 1547 1832 plurima
1566 1721 1616 1802 ad
1637 1719 1723 1831 ejus
1742 1746 1860 1799 usum
1878 1714 1944 1797 ad·

577 1845 736 1956 junxit,
761 1848 999 1959 eloquentiae
1028 1864 1226 1957 ltraccepta
1261 1846 1349 1928 aliis
1383 1844 1547 1926 tradens
1574 1846 1660 1954 ipse
1688 1843 1791 1922 hanc
1817 1859 1942 1920 artem

581 1970 776 2071 excoluit,
789 1969 1111 2082 majestatemque
1125 1971 1267 2081 populi
1281 1973 1451 2052 Romani
1465 1972 1691 2051 Literarum
1705 1981 1942 2046 ornamento

581 2092 872 2174 condecoravit.
888 2095 953 2174 Sic
970 2121 1152 2173 summus
1172 2095 1239 2173 illc
1263 2096 1342 2195 vir,
1365 2092 1417 2174 ad
1436 2087 1712 2172 Rornanorum
1732 2090 1942 2169 utilitatem

582 2229 721 2312 natus,
738 2215 907 2319 patriam
925 2230 1063 2292 contra
1080 2213 1450 2294 scelestissimorum
1468 2215 1617 2293 civium
1634 2211 1945 2292 machinationes

582 2359 666 2411 asc
689 2330 891 2412 defensam
915 2347 956 2410 et
975 2346 1169 2411 servatam
1192 2335 1414 2440 praestantis
1436 2335 1601 2439 insuper
1623 2334 1773 2438 ingenii
1793 2329 1944 2410 lumine

513 2524 515 2530 .
582 2453 804 2532 illustravit.
825 2454 920 2552 Quo
940 2451 1089 2532 factum
1114 2471 1194 2553 est,
1213 2472 1362 2531 utnon
1381 2454 1513 2533 solum
1532 2456 1670 2531 Patriae
1692 2480 1853 2559 parens,
1873 2450 1946 2530 sed
2065 2474 2070 2482 ·

504 2572 510 2580 ’
583 2572 820 2686 eloquentiae
837 2597 1004 2682 quoque
1028 2588 1070 2649 et
1095 2572 1322 2650 Literarum
1348 2574 1535 2680 princeps
1556 2575 1703 2651 merito
1726 2589 1945 2651 vocaretur.

572 2696 641 2778 ,Ac
661 2695 695 2773 si
719 2693 810 2802 quis
830 2689 1089 2798 perpenderit
1111 2719 1235 2802 quam
1254 2693 1361 2772 varia
1383 2693 1468 2800 ejus
1484 2710 1616 2772 essent
1632 2709 1673 2772 ct
1690 2721 1815 2802 quarn
1831 2719 1944 2798 egre-

581 2816 649 2920 ‘gia
667 2816 711 2892 in
731 2813 842 2890 omni
860 2835 1006 2915 genere
1026 2814 1192 2919 scripta,
1210 2811 1369 2892 nullum
1386 2814 1464 2891 sibi
1483 2813 1686 2920 reliquum
1704 2813 1833 2892 facere
1850 2841 1948 2892 cum

584 2932 761 3042 potuisse
783 2930 913 3006 otium
936 2931 1181 3002 existimabit
1198 2931 1250 3002 ad
1270 2949 1415 3004 caetera
1434 2931 1728 3033 ejus-munera,
1747 2957 1836 3040 quac
1854 2930 1948 3040 plu·

584 3056 687 3134 rima
709 3065 824 3130 erant
848 3065 888 3126 et
912 3045 1167 3152 gravissima,
1187 3062 1270 3124 tam
1291 3039 1545 3128 laudabiliter
1567 3049 1767 3132 obeunda.
1791 3052 1834 3132 Si
1855 3055 1946 3164 quis

585 3172 894 3282 rempublicam
905 3169 990 3278 ejus
1002 3169 1125 3248 vitam
1139 3173 1402 3277 percurrerim
1416 3174 1450 3251 si
1463 3172 1775 3254 consideraverit
1788 3192 1947 3256 conten·
2024 3168 2027 3173 ¹

586 3300 718 3380 tiones
737 3323 781 3374 ac
804 3293 1020 3373 certamina
1044 3307 1184 3370 contra
1210 3320 1280 3372 cos
1301 3293 1532 3374 sustinenda
1556 3297 1650 3405 qui,
1668 3297 1779 3376 omni
1797 3297 1945 3378 scelere
2053 3294 2057 3300 ’

586 3421 757 3529 patriam
785 3415 1031 3514 lacerantes,
1060 3414 1111 3494 ad
1140 3443 1229 3495 earn
1257 3414 1440 3496 funditus
1466 3415 1678 3497 delendam
1705 3419 1832 3530 quasi
1848 3447 1945 3503 con·

587 3544 753 3649 spirasse
770 3537 1033 3636 videbantur;
1056 3542 1090 3618 si
1113 3537 1349 3620 domesticas
1370 3557 1558 3649 preterea
1581 3533 1826 3650 reputaverit
1846 3542 1945 3622 cala·

586 3667 764 3766 mitates,
788 3664 856 3742 vix
876 3659 1118 3770 persuadere
1140 3662 1218 3742 sibi
1240 3652 1389 3772 poterit
1408 3681 1492 3743 tam
1514 3665 1704 3772 exignum
1725 3668 1818 3743 vitae
1842 3683 1945 3742 tem·
2063 3684 2071 3696 '⁴

587 3809 664 3894 pus
680 3804 742 3862 tot
759 3785 960 3896 tantisque
978 3783 1187 3865 laboribus
1202 3785 1473 3896 periculisque
1489 3785 1750 3894 suscipiendis
1761 3783 1943 3866 sufficere

587 3908 775 4013 potuisse.
788 3909 931 4013 Neque
944 3933 1042 3987 vero
1055 3909 1353 4014 angustioribus
1364 3937 1407 3990 se
1425 3911 1732 4016 circumscripsit
1749 3907 1943 4018 eloquen-

586 4029 652 4106 tiae
672 4025 821 4105 finibus
839 4054 848 4103 :
866 4029 916 4106 ad
932 4029 1232 4140 Philosophiam
1253 4059 1418 4143 quoquc
1441 4061 1485 4113 sc
1508 4032 1722 4143 applicuit,
1751 4047 1872 4141 atque
1896 4047 1948 4112 ut

588 4147 769 4226 animum
790 4149 875 4254 ipse
904 4149 1168 4233 conformavit
1194 4150 1481 4261 cognoscendis
1506 4155 1947 4236 summornm'Graeciae

587 4267 945 4378 Philosophorum,
973 4273 1170 4372 Socratis,
1208 4280 1416 4372 Platonis,
1443 4279 1668 4359 Aristotelis
1692 4279 1945 4390 aliorumque

587 4389 763 4496 placitis,
783 4391 838 4472 ita
854 4395 898 4471 in
917 4395 1094 4499 singulas
1118 4395 1202 4477 fere
1227 4401 1352 4480 totius
1371 4399 1634 4510 Philosophiae
1657 4419 1943 4511 partes'popu·

586 4508 741 4593 laribus
765 4515 849 4596 suis
877 4514 1126 4620 explicandas
1160 4518 1330 4600 contulit
1358 4521 1472 4631 quod
1500 4524 1537 4602 ci
1564 4524 1609 4602 iu
1634 4540 1839 4603 senectute
1870 4523 1940 4602 otii
