4517 5867
824 495 830 506 “
965 615 970 622 .
1004 508 1196 585 somata
1217 511 1442 587 aasabim
1461 511 1619 582 morin

614 716 763 826 quippe
782 712 889 823 quod
905 713 1103 825 analogia,
1122 714 1187 797 vei
1205 716 1340 823 potius
1359 715 1545 811 identitas
1563 714 1742 816 intersit,
1769 720 1814 801 in
1831 746 1879 801 so
1898 721 2012 807 imi.

614 857 704 923 tans
723 839 933 955 plerosque
948 837 1058 919 viros
1077 838 1171 943 „ejus
1188 838 1248 919 rei
1267 838 1531 949 peritissimos
1547 838 1830 953 imprimisque
1853 845 1993 947 volta,

617 964 687 1072 qui
700 962 758 1047 sio
775 962 1112 1047 existimaverant.
1129 960 1381 1046 lucrationis
1394 978 1544 1045 nostrae
1562 978 1750 1043 contextu
1770 963 1895 1045 verba
1915 973 1996 1075 qni·

617 1088 709 1169 dem
726 1084 836 1169 baud
852 1084 1129 1171 adhibebimus
1138 1082 1454 1193 exquisita,scd‚
1473 1083 1579 1194 quod
1592 1082 1697 1184 fieri,
1710 1084 1818 1167 clara
1837 1101 1884 1165 ut
1903 1116 1994 1197 quae

617 1209 695 1318 ipsi
722 1210 940 1297 sentiamus
967 1210 1055 1293 aliis
1082 1204 1303 1317 significare
1324 1205 1501 1310 valeant,
1520 1208 1725 1318 satimque
1747 1208 1936 1292 ducentos
1959 1216 1994 1295 si

616 1330 668 1413 ad
693 1331 994 1443 intelligentiam
1018 1332 1212 1412 lectorum
1231 1358 1321 1441 quae
1337 1330 1620 1439 protulerimus
1639 1333 1992 1417 accommodemus.

617 1458 968 1553 arumnorum
985 1455 1171 1539 universe
1199 1471 1403 1563 receptum
1429 1482 1661 1565 sequemur,
1685 1472 1726 1536 et
1754 1474 1863 1565 grate
1890 1458 1996 1539 hane

620 1578 781 1667 veniam
795 1578 991 1693 petimus,
1009 1576 1231 1689 damusque
1246 1576 1435 1696 vicissim,

673 1758 844 1902 Nulium
862 1756 979 1903 bodie
1002 1820 1171 1904 dubium
1188 1828 1370 1930 'superest
1386 1818 1435 1903 de
1452 1819 1657 1904 identitate
1674 1819 1787 1903 fluidi
1803 1819 1998 1933 galbanici

623 1960 664 2023 et
703 1943 884 2029 electrici
916 1944 1100 2053 Namque
1132 1960 1350 2053 utrumque
1379 1942 1586 2055 globulos,
1622 1945 1797 2053 polleas,
1831 1941 2001 2053 foliola,

621 2064 909 2147 electromtrioa
941 2066 1146 2177 divergere
1170 2064 1280 2169 facit,
1300 2067 1585 2161 commotiones
1605 2066 1781 2166 inducit,
1805 2066 1998 2147 scintillas

585 2188 590 2197 '
621 2204 818 2295 procreat,
838 2187 998 2275 eosdem
1018 2188 1277 2268 conductores
1294 2189 1487 2294 sequitur,
1505 2204 1596 2271 ante
1616 2187 1775 2272 cosdem
1792 2187 1999 2269 isolatores

623 2306 792 2417 gradum
809 2308 931 2408 sistit,
951 2310 993 2390 in
1008 2310 1150 2391 iisdem
1169 2308 1485 2391 condensationis
1499 2310 1771 2419 apparatibus,
1791 2310 1833 2394 in
1849 2309 2003 2419 lagenis

623 2431 854 2538 armatis‚in
865 2433 1042 2541 ipsisque
1051 2433 1193 2515 batriis
1206 2431 1413 2535 electricis,
1423 2433 1615 2515 coalescit.
1628 2436 2003 2531 ‚Prameremutrum

623 2581 701 2679 que
713 2566 878 2665 corpora
895 2552 1099 2663 igneiacit,
1118 2555 1422 2657 combinationis
1439 2556 1626 2657 chemicis
1643 2552 1807 2647 effectus
1830 2553 2001 2674 impedit

603 2675 688 2787 -tsel
703 2674 887 2783 'adjuvat,
905 2692 944 2758 et
962 2676 1005 2759 in
1025 2678 1243 2803 positivum
1261 2694 1301 2759 et
1317 2664 1548 2791 negativum
1562 2705 1649 2773 sese
1665 2675 1882 2796 distribuit,

504 2862 508 2869 ·
638 2860 1226 2964 .rr1u0qm.20„nerms
1236 2864 1444 2953 numum
1462 2864 1676 2963 wama
1693 2864 1748 2936 aa
1766 2810 2001 2940 erectarum

624 3002 715 3085 quac
733 2974 943 3056 evolvitur
961 2988 1002 3051 et
1021 2972 1197 3053 succedit
1213 2975 1256 3052 in
1274 2974 1458 3057 columna
1473 2974 1662 3073 rohaies,
1675 2975 1824 3085 aliquid
1836 2980 1951 3067 nobis
1964 2980 2006 3061 di

627 3097 798 3177 cendum
812 3112 872 3175 est
889 3094 938 3174 dc
953 3093 1162 3203 precipuis
1181 3093 1457 3203 inventisque
1473 3094 1522 3175 ad
1539 3097 1836 3207 excogitandam
1856 3100 2003 3192 bancos

629 3216 854 3299 columnam
885 3216 1148 3295 contulerunt.
1177 3217 1295 3295 Anno
1330 3214 1464 3325 1767,
1477 3214 1613 3297 Sulzer
1639 3217 1866 3303 observavit
1903 3222 2004 3302 duas

628 3336 776 3441 diversi
795 3336 943 3447 metalli
963 3352 1119 3445 partes,
1134 3364 1174 3416 r.
1197 3363 1260 3445 g,
1285 3336 1437 3446 argenti
1455 3353 1495 3416 at
1510 3322 1626 3448 cupri
1641 3338 1687 3420 in
1705 3359 1892 3423 mutuum
1911 3370 2005 3422 oon·

630 3472 780 3539 tactum
803 3484 873 3563 per
895 3456 1073 3565 linguam
1094 3457 1461 3557 adductas-statim
1484 3460 1529 3555 in
1551 3460 1628 3541 hoo
1648 3476 1797 3571 organo
1820 3488 2003 3571 saporem

629 3582 800 3673 excitare
819 3606 937 3687 quem
961 3577 1057 3659 ferri
1081 3578 1345 3687 comparabat.
1363 3580 1536 3679 Deinde,
1552 3608 1657 3662 anno
1680 3581 1800 3692 ¹77⁶,
1821 3584 2002 3663 Fontana

630 3702 908 3801 animadvertit
928 3700 1133 3805 bracteam,
1145 3728 1305 3781 auream
1319 3720 1524 3784 coeuntem
1541 3730 1634 3784 oum
1647 3702 1802 3784 frustro¹
1816 3702 2003 3813 argenteo

630 3828 674 3905 in
693 3824 804 3909 acido
819 3825 960 3907 nitrioo
981 3824 1168 3907 immerso
1181 3824 1446 3905 evolutionem
1465 3825 1665 3905 bullarum
1678 3850 1930 3933 gamanam
1945 3850 2003 3901 ex

632 3944 708 4031 hoo
742 3946 1062 4047 eudaemona,
1091 3946 1314 4055 horumque
1339 3947 1555 4031 affectuum
1585 3948 1747 4028 musam
1782 3943 2003 4031 nominavit

635 4095 760 4175 agens
779 4070 1037 4151 metallicum.
1705 4098 1709 4106 '

651 4311 654 4319 .
685 4252 790 4331 Cum
821 4253 864 4339 in
888 4252 1106 4359 disciplinis
1136 4230 1431 4361 progredimur,
1460 4268 1547 4333 tum
1572 4254 1713 4332 corum
1738 4250 1886 4331 limites
1910 4233 2001 4356 quo

633 4373 845 4467 dammodo
864 4400 1036 4461 crescere
1061 4373 1272 4469 videntum
1291 4400 1371 4482 quo
1397 4371 1442 4454 fit
1459 4392 1504 4454 ut
1528 4374 1647 4456 mem
1671 4402 1810 4455 earum
1832 4394 2004 4453 noanon
