4517 5867
586 674 629 723 ro
895 645 1113 720 ANDREAE
1137 645 1310 718 GOHEN
1333 638 1620 718 KHONRAAD
1745 710 1750 719 Ι

632 830 789 911 Dicitur
812 825 1025 935 longitudo
1047 827 1242 935 temporis
1260 823 1501 933 (taedium),
1528 824 1670 901 animae
1702 821 1946 932 inquietudo

588 978 681 1031 cum
701 976 822 1029 sensu
844 951 1001 1055 ingrato
1024 966 1065 1029 et
1090 948 1277 1052 molesto,
1305 974 1328 1026 a
1359 972 1444 1057 quo
1474 943 1677 1025 vindicare
1710 971 1752 1024 sc
1783 964 1948 1028 conatur

583 1073 706 1153 homo
719 1132 730 1175 ,
742 1072 792 1152 ab
807 1074 1058 1153 emotiouum
1068 1088 1274 1180 gratarum
1297 1085 1337 1151 et
1355 1070 1497 1148 snimae
1509 1066 1743 1148 facultatum
1766 1071 1946 1151 exercitii

585 1192 742 1275 defectu
770 1212 865 1274 orta.
903 1195 1039 1274 Status
1073 1193 1140 1273 ille
1183 1194 1348 1294 anxius,
1383 1208 1579 1299 praesente
1607 1188 1873 1299 dispositione
1899 1192 1950 1273 ad

533 1392 537 1397 .
583 1316 907 1418 melancholiam,
927 1316 1019 1397 vitae
1046 1313 1215 1396 taedium
1245 1341 1402 1418 creare,
1431 1330 1473 1394 et
1504 1313 1555 1394 ad
1588 1314 1879 1417 autocbirium,
1905 1316 1951 1393 in

583 1441 699 1519 certis
717 1439 953 1545 regionibus
979 1438 1258 1537 endemicum,
1279 1436 1502 1542 perducere
1529 1452 1673 1543 potest

634 1630 808 1733 Euergia
823 1654 868 1707 sc
880 1628 1040 1707 duratio
1051 1628 1284 1737 passionum
1299 1644 1489 1710 emanant
1498 1628 1753 1737 potissimum
1769 1646 1950 1710 enatura

585 1749 750 1857 objecti,
763 1748 849 1857 ejus
867 1750 1080 1856 gravitate,
1094 1751 1318 1857 presentia,
1334 1751 1388 1833 ab
1402 1753 1558 1831 actione
1577 1751 1662 1858 ejus
1679 1768 1883 1857 protracta
1904 1754 1949 1833 in

584 1888 784 1975 mentem,
803 1888 877 1951 eta
895 1871 1156 1952 sensibilitate
1166 1888 1290 1982 atque
1311 1872 1535 1952 charactere
1544 1870 1722 1977 subjecti.
1740 1871 1789 1949 In
1799 1899 1946 1976 genere

580 1994 871 2101 impressiones·
884 1994 1132 2101 improvisae,
1152 1990 1392 2096 subitanee,
1427 1994 1607 2093 insuetae,
1634 1990 1837 2072 obstacula
1859 1995 1947 2074 vin-

580 2112 721 2215 nenda,
744 2114 896 2194 interni
911 2140 956 2193 ac
972 2115 1130 2196 externi
1149 2140 1292 2196 sensus
1309 2115 1435 2197 vividi
1456 2130 1498 2196 et
1509 2114 1725 2226 exquisiti,
1744 2141 1859 2193 amor
1884 2118 1948 2195 sul

580 2234 623 2313 in
653 2234 784 2315 altiori
816 2234 960 2343 gradu,
983 2240 1135 2319 emotio
1162 2241 1306 2319 anime
1321 2239 1404 2349 jam
1435 2240 1627 2340 existens,
1651 2238 1950 2343 imaginationis

577 2357 639 2436 vis
668 2384 760 2468 quae
791 2357 1027 2465 solitudine,
1053 2361 1214 2443 silentio
1252 2379 1292 2442 et
1329 2361 1575 2443 obscuritate
1607 2376 1800 2467 sugemr,
1827 2360 1949 2440 animi

578 2496 715 2561 motus
736 2483 955 2565 intendunt
978 2476 1026 2563 dc
1046 2482 1219 2563 firmant.

629 2687 827 2768 Animalia
853 2687 962 2770 haud
992 2688 1169 2799 moveri,
1202 2685 1439 2789 quotidiana
1469 2685 1726 2791 improbatur
1756 2685 1947 2791 observu-

576 2810 697 2889 tione.
721 2804 853 2885 Facile
879 2800 1155 2909 dignoscitur,
1175 2828 1277 2879 num
1298 2805 1409 2882 canis
1433 2804 1484 2882 sit
1508 2806 1634 2885 iratus
1662 2803 1729 2884 vel
1751 2802 1945 2914 placatus,

576 2958 676 3011 num
701 2930 824 3009 tristis
851 2924 916 3008 vel
941 2924 1097 3023 bilaris3
1130 2924 1267 3003 omnia
1295 2939 1450 3005 terrore
1477 2926 1569 3033 plus
1600 2928 1788 3008 minusve
1815 2934 1942 3011 corri-

576 3053 754 3157 piuntur.
791 3050 980 3128 Attamen
1017 3072 1141 3154 parvo
1181 3062 1276 3124 sunt
1312 3071 1486 3126 numero
1527 3046 1752 3125 emotiones
1783 3071 1938 3131 eorum.

575 3170 667 3249 Alio
687 3166 811 3266 modo
833 3170 1242 3281 existunt51sentiunt,
1252 3166 1438 3279 judicant
1451 3196 1576 3282 quam
1588 3168 1730 3256 homo:
1742 3170 1830 3251 aliae
1847 3190 1942 3263 sunt

575 3318 718 3373 eorum
749 3290 1001 3372 necessitates
1028 3318 1073 3373 ac
1102 3290 1337 3391 relationem
1373 3290 1483 3400 unde
1513 3310 1650 3373 motus
1680 3318 1821 3375 eorum
1844 3295 1944 3377 alius

576 3442 659 3496 esse
691 3411 860 3516 indolis,
882 3429 1025 3521 sponte
1050 3411 1167 3492 lucet.

629 3604 807 3687 Allectus
833 3606 956 3687 animi
991 3603 1141 3686 modici
1168 3630 1253 3685 non
1290 3622 1387 3687 suut
1416 3605 1689 3713 vituperandi,
1718 3608 1780 3686 uti
1805 3605 1941 3684 volue-

575 3736 671 3805 runt
681 3724 910 3835 philosophi
923 3726 1066 3838 aliqui.
1081 3711 1298 3809 Enimvero
1314 3728 1404 3808 vitae
1418 3727 1673 3809 condimenta
1694 3726 1832 3806 haberi
1852 3748 1944 3831 pos·

575 3858 689 3946 sunt,
709 3843 819 3924 illam
840 3844 1136 3957 sensibiliorem
1155 3847 1353 3945 reddunt,
1375 3868 1419 3934 ,et
1436 3839 1599 3931 eximias
1624 3863 1809 3958 praestant
1835 3871 1940 3953 saepe

574 3966 772 4047 utilitates.
798 3963 878 4046 Sed
896 3994 992 4048 usus
1010 3966 1252 4052 immodicus
1270 3974 1353 4053 sive
1372 3998 1584 4081 perversus
1601 3996 1761 4073 eorum,
1781 3967 1937 4046 homini

499 4110 502 4117 ’
574 4088 741 4171 infestus
768 4104 843 4193 est,
871 4106 912 4203 et
945 4092 1030 4172 veri
1059 4093 1193 4173 morbi
1228 4093 1308 4175 dici
1340 4109 1531 4203 possunt,
1565 4118 1658 4169 nam
1691 4117 1777 4170 non
1809 4087 1938 4169 solum

574 4216 717 4295 animae
743 4212 955 4295 sedetiam
981 4216 1163 4325 corporis
1185 4214 1413 4297 functiones
1431 4214 1708 4325 perturbant..
