4517 5867
611 633 690 718 ἰνα
971 602 1680 746 rurnr·ros.·van‘nan·rofa'²‘
1967 635 1973 650 ·

614 841 721 927 aetas,
738 823 890 932 inquit,
915 819 994 899 hoc
1010 817 1168 899 beatior
1187 839 1312 924 quam
1330 809 1479 909 media,
1500 803 1613 918 quod
1633 795 1879 884 auctoritatis
1898 791 1990 912 plus

616 945 809 1045 habebat,
827 941 979 1024 laboris
995 967 1095 1021 vero
1115 937 1288 1018 miuus.»
1310 933 1418 1034 §So
1438 933 1544 1013 Nam
1563 941 1611 1008 ut
1628 949 1820 1007 coronam
1838 953 1884 1005 ac
1903 925 1991 1005 dia-

523 1097 528 1106 ·
616 1069 734 1150 dema
754 1067 921 1148 honoris
941 1079 981 1144 et
999 1061 1177 1172 imperii,
1201 1058 1256 1158 ita
1277 1055 1624 1156 senilemaemtam
1643 1040 1850 1154 diguitatis
1871 1065 1993 1158 atque

620 1191 869 1302 principatus
888 1188 1050 1293 signum
1069 1180 1199 1261 voluit
1216 1207 1301 1259 esse
1319 1190 1473 1257 natura.
1485 1171 1618 1254 Vo'ces
1635 1172 1747 1252 enim
1764 1185 1855 1278 γέρας
1870 1188 1912 1250 et
1927 1207 1996 1277 γερ

622 1329 724 1422 arpen,
747 1339 837 1424 qnae
854 1309 1039 1388 latiorem
1056 1331 1169 1386 nunc
1192 1303 1390 1383 ambitum
1413 1315 1555 1400 nacta,
1579 1298 1827 1406 praecipuum
1849 1320 1993 1406 quem-

624 1463 704 1546 que
723 1451 763 1512 et
784 1433 977 1510 eximium
995 1428 1195 1507 honorem
1212 1421 1451 1530 significant,
1473 1416 1637 1528 proprii
1655 1431 1697 1499 et
1716 1414 1907 1528 primarii
1923 1419 1997 1524 sig·

559 1631 562 1636 .
625 1553 857 1635 nificatione
891 1577 974 1630 non
1009 1551 1086 1629 nisi
1119 1547 1171 1627 de
1201 1545 1367 1628 senibus
1398 1539 1520 1638 fuisse
1547 1558 1746 1650 usurpata
1775 1540 1994 1621 videntur:

624 1687 807 1780 Καθάπερό
827 1685 918 1778 νόμος
940 1687 978 1752 τὸ
998 1677 1141 1778 διάδημα
1162 1693 1213 1751 καὶ
1230 1684 1285 1750 τὸν
1308 1683 1459 1773 ςίρανον,
1480 1681 1563 1746 οὕτω
1587 1682 1644 1753 τὴν
1666 1675 1776 1745 πολιὰν
1797 1683 1824 1752 ἡ·
1843 1678 1929 1768 ρῦσις
1955 1679 1998 1744 ἔν·

626 1836 715 1903 τιμον
733 1816 914 1904 ἡγεμονικοῦ
937 1802 1088 1900 maiolus
1103 1801 1277 1900 ἀξιώματος
1295 1803 1456 1877 ἐπιτίθησι·
1469 1801 1522 1868 καὶ
1538 1801 1577 1868 τὸ
1600 1803 1644 1894 γί
1650 1827 1728 1894 ρας,
1753 1795 1859 1892 οἶμαι,
1884 1799 1936 1866 aul
1958 1802 1995 1866 τὸ

626 1931 808 2026 γεραίρειν
831 1931 929 2023 ὄνομα
953 1927 1061 2023 σεμνὸν
1084 1929 1148 1998 ἀπὸ
1169 1937 1231 1996 τῶν
1253 1926 1404 2022 γερόντων
1424 1924 1584 2018 γενόμενον
1605 1914 1740 2014 lanista
1760 1911 1827 2014 (1).
1854 1909 1901 1987 ln
1924 1937 1995 1988 au·
2046 2018 2049 2026 Ι

628 2042 811 2125 ctoritate
821 2041 999 2147 positum
1008 2053 1283 2121 astsummum
1291 2035 1496 2142 dignitatis
1506 2047 1546 2116 et
1559 2031 1696 2138 gloriae
1711 2024 1892 2132 culmen,
1900 2045 1996 2112 sunt

626 2187 793 2238 summae
815 2158 970 2260 landes,
992 2161 1141 2242 summi
1164 2159 1358 2259 honores,
1381 2155 1533 2268 quibus
1551 2153 1735 2236 homines
1758 2155 1804 2234 in
1822 2154 1895 2235 haic
1915 2157 1996 2236 vita

627 2277 961 2390 condemnentur.
977 2272 1070 2358 llaec
1078 2297 1161 2357 tam
1177 2281 1220 2356 in
1229 2305 1325 2386 pace
1339 2294 1467 2388 quam'
1475 2281 1519 2356 in
1528 2273 1636 2357 bello
1648 2279 1760 2382 viget
1771 2292 1813 2356 et
1819 2293 1996 2388 utroque

626 2415 809 2508 tempore
833 2401 997 2480 maximi
1016 2401 1095 2479 erit
1125 2401 1332 2478 momenti.
1364 2401 1456 2478 Dux
1484 2387 1621 2478 autem
1653 2398 1768 2496 belli,
1795 2400 1869 2508 qui
1896 2400 1996 2478 alios

627 2523 863 2602 auctoritate
883 2537 1063 2630 superat,
1080 2547 1286 2600 summum
1302 2520 1346 2598 iu
1365 2519 1513 2600 milites
1532 2521 1750 2628 imperium
1769 2519 1909 2619 habet;
1930 2549 1997 2602 νο-

626 2640 756 2722 lentes
777 2641 862 2751 ejus
887 2643 1064 2722 consiliis
1082 2657 1240 2750 parent,
1264 2640 1448 2724 mandata
1466 2661 1759 2752 exsequuntur,
1779 2643 1995 2724 imminen·
2082 2730 2086 2736 ,

627 2765 742 2876 tique
771 2763 1006 2846 circumdati
1033 2762 1217 2872 periculo
1242 2763 1294 2842 ad
1323 2754 1549 2844 libertatem
1566 2763 1817 2876 salutemque
1843 2768 1998 2874 patriae,

630 2911 716 2964 non
741 2887 875 2966 minus
895 2883 1051 2964 summa
1071 2884 1185 2965 ducis
1206 2889 1442 2965 auctoritate
1460 2885 1550 2964 freti
1568 2913 1691 2998 quam
1712 2889 1834 2966 annis
1850 2904 1892 2969 et
1911 2891 1997 2969 ani-

631 3035 793 3088 morum
805 3007 1042 3087 fortitudine
1052 3005 1363 3106 defendendam,
1376 3009 1613 3088 excitantur.
1629 3011 1817 3112 ‹Quanta
1830 3008 1906 3090 luit
1918 3016 1997 3116 (au-

632 3130 813 3232 ctoritas)
832 3129 875 3206 in
893 3125 1115 3208 L.‘Caecili0
1134 3125 1317 3207 Metello!
1336 3146 1487 3237 quanta
1504 3131 1548 3208 in
1564 3129 1705 3209 Attilio
1727 3131 1933 3211 Calatino!
1955 3137 1997 3212 in

631 3277 756 3358 quem
779 3249 882 3331 illud
910 3249 1089 3358 elogium
1119 3251 1288 3328 unicum
1309 3278 1318 3328 :
1347 3249 1543 3330 Plurimae
1568 3256 1817 3354 consentiunt
1836 3271 1990 3367 gentes,

627 3373 775 3482 populi
780 3376 1025 3482 pninan'um
1026 3372 1161 3474 forise
1171 3374 1341 3461 virum.»
1356 3371 1450 3480 Cap.
1469 3399 1526 3490 ιγἱ
1537 3373 1634 3472 §lin
1654 3373 1794 3477 «Quid
1804 3374 1854 3474 ale
1865 3377 1996 3475 Paulo,

631 3512 700 3577 aut
720 3493 908 3602 Afilcano
925 3493 1098 3605 loquar?
1119 3510 1205 3597 aut,
1228 3511 1275 3574 ut
1288 3492 1370 3600 jam
1391 3511 1500 3590 ante,
1522 3493 1574 3585 de
1593 3488 1803 3574 Maximo?
1825 3525 2007 3608 quorum,
2091 3505 2099 3524 ⁶
2227 3500 2231 3511 '

630 3642 717 3694 non
732 3616 777 3697 in
789 3615 986 3726 sententia
999 3613 1145 3715 solum,
1154 3613 1224 3694 sed
1239 3618 1361 3695 etiam
1370 3617 1415 3694 in
1424 3609 1530 3702 nutu
1538 3614 1738 3719 residebat
1751 3621 1994 3729 auctoritas.»

632 3737 810 3848 Cap.17¹.
833 3735 940 3836 §61.
971 3737 1124 3814 Verum
1143 3752 1190 3815 ut
1202 3740 1251 3850 ‚in
1263 3735 1394 3841 hello,
1418 3737 1476 3816 sic
1501 3740 1545 3821 in
1569 3765 1666 3849 pace
1691 3720 1828 3842 'eidem
1856 3755 1994 3821 arieto·

630 3858 747 3954 ritate
773 3858 864 3936 lieti
888 3857 1036 3964 summi
1061 3874 1241 3938 oratores
1265 3885 1404 3937 amore
1427 3850 1623 3938 libertatis
1645 3855 1827 3953 ardentes
1849 3861 1892 3939 in
1917 3861 2001 3967 im<

630 3977 784 4084 probos
812 3981 918 4060 cives
949 4005 994 4058 ac
1026 3981 1274 4091 perniciosos
1303 3966 1560 4098 invehuntur.
1589 3974 1652 4068 sic.
1683 3979 1825 4062 Cicero
1845 3999 1998 4094 noster,

674 4198 733 4312 ω’
746 4215 955 4318 Pallanum.
972 4215 1026 4282 An
1041 4209 1120 4282 Seni
1136 4207 1288 4284 Gerenala
1303 4200 1353 4309 Sit
1366 4215 1563 4308 Respublica
1576 4187 1785 4312 pag.7.89⁸E
1800 4233 1832 4284 et
1844 4217 1883 4284 1².
1898 4217 1995 4286 Tom.

627 4313 685 4388 tv.
697 4343 772 4409 pag.
788 4344 861 4408 ¹7⁰·
875 4319 1054 4408 Wyttenb.
1067 4319 1167 4387 Conf.
1179 4323 1393 4388 Aremuonrt
1405 4321 1549 4412 Sophist.
1562 4316 1677 4389 texte.
1689 4323 1826 4391 Homer.
1838 4325 1900 4389 sub
1910 4338 1942 4392 ν.
1953 4313 2006 4413 ρέ-’

627 4447 698 4512 ρων,
713 4445 789 4514 pag.
811 4423 887 4492 nol.
906 4423 1018 4490 'lollii
1045 4423 1389 4493 momentana.
1400 4427 1468 4492 ool.
1483 4445 1558 4514 227.
1577 4427 1641 4492 lin.
1657 4425 1884 4518 satylbarg.
1899 4427 1997 4496 Eut-

627 4545 758 4598 nonnu.
778 4531 935 4610 Genus.
954 4531 1018 4598 ool.
1041 4529 1113 4596 125.
1130 4529 1192 4598 lin.
1209 4529 1263 4597 34.
1279 4532 1388 4598 etool.
1407 4533 1480 4601 125·
1496 4532 1559 4602 liu·
1577 4535 1634 4597 25.
1736 4559 1741 4568 ·
