4517 5867
589 548 637 635 46
898 550 1117 624 tunultu
1143 546 1320 620 coustt
1340 548 1632 622 tuouuttn

591 745 651 811 est
682 728 912 811 subsidium
943 728 1045 811 illud
1074 730 1326 836 energicam,
1357 747 1399 810 et
1425 728 1516 811 turn
1541 729 1711 840 quidem
1739 733 1959 842 requiritur

588 854 652 931 vir
679 853 883 957 eruditus,
909 879 1049 957 sagax,
1079 870 1120 932 et
1145 855 1253 933 inre
1280 851 1436 933 medica
1457 855 1757 935 versatissimus.
1876 936 1878 940 .

641 1116 773 1197 Metus
802 1112 965 1194 olfactus
997 1128 1057 1195 est
1083 1140 1159 1223 per
1183 1114 1391 1193 sanitatem
1419 1137 1505 1192 non
1531 1113 1665 1193 solum
1693 1112 1962 1223 injucundus,

588 1248 731 1317 terum
763 1236 884 1315 etiam
913 1237 957 1315 in
993 1237 1147 1319 morbis
1177 1236 1493 1317 molestissimus.
1523 1236 1671 1317 Mentis
1699 1240 1963 1347 corporisque

586 1360 692 1439 vires
713 1359 878 1467 frangit,
895 1374 936 1437 et
953 1360 1196 1437 morborum
1215 1358 1409 1435 solutioni
1429 1357 1562 1439 obstat
1574 1386 1582 1404 ·
1573 1360 1747 1471 ‚loquor
1766 1360 1966 1470 praecipue

587 1484 638 1563 de
671 1498 784 1560 metu
812 1480 979 1618 mortis,
1006 1477 1250 1557 durantibus
1278 1475 1536 1584 potissimum
1573 1482 1730 1560 morbis
1761 1484 1961 1565 chronicis

589 1618 671 1683 tam
690 1601 898 1683 communi
921 1601 993 1708 qni
1012 1600 1195 1678 animum
1212 1594 1369 1700 exedit,
1387 1606 1623 1711 aegrumque
1642 1602 1862 1710 angoribus
1883 1622 1965 1683 tru-

588 1724 648 1805 dit
676 1723 784 1805 diris.
803 1722 951 1803 Procul
974 1706 1263 1830 propellendus
1293 1736 1355 1800 est
1379 1722 1475 1801 ideo
1498 1726 1627 1804 omnis
1652 1744 1782 1804 metus
1803 1728 1963 1828 species

587 1874 678 1957 qnae
698 1848 909 1955 aegrotanti
932 1844 1073 1925 infesta
1096 1872 1182 1925 esse
1202 1862 1345 1945 potest
1366 1834 1610 1945 intelligitur
1632 1839 1727 1919 hinc
1736 1868 1879 1949 ,aegro
1896 1872 1964 1953 pe·

586 1970 797 2049 ciculum
786 1998 828 2047 ιιι
862 1996 946 2072 quo
982 1980 1164 2041 versatur
1194 1959 1304 2039 baud
1335 1958 1600 2067 aperiendum
1628 1986 1732 2066 esse,
1762 1980 1805 2043 et
1831 1968 1964 2047 vetari

585 2090 789 2169 medicum
799 2080 1120 2191 ,inquietudinis
1139 2079 1299 2161 indiciis
1314 2080 1538 2176 ostendere,
1552 2087 1665 2193 quod
1679 2112 1812 2191 angue
1827 2087 1962 2196 pejus,

582 2209 720 2291 adesse
755 2204 992 2314 periculum.
1028 2204 1105 2283 Hic
1147 2204 1407 2313 excipiuntur
1434 2204 1570 2286 morbi
1601 2208 1675 2319 qui
1705 2236 1730 2287 a
1756 2208 1965 2317 chirurgia

583 2330 780 2411 auxilium
807 2324 1115 2437 expostulents
1105 2354 1149 2410 ιιι
1175 2326 1326 2437 quibus
1355 2326 1572 2410 discrimen
1594 2330 1725 2438 palam
1744 2330 1873 2415 facere
1896 2333 1963 2489 de-

584 2470 671 2557 cet,
683 2468 731 2533 nt
744 2450 975 2533 videbimus
992 2452 1136 2531 statim.

637 2708 867 2810 Antequam
894 2704 1132 2800 chirurgica
1144 2694 1326 2799 opertus
1350 2680 1586 2775 instituatur
1595 2700 1845 2806 cogitatio,
1873 2730 1960 2784 me-

583 2844 731 2936 trr'sque
757 2822 910 2903 doloris
940 2835 982 2899 et
1010 2815 1281 2897 difformitatis
1308 2813 1470 2922 loturae,
1498 2822 1643 2900 mortis
1666 2839 1799 2903 terror
1820 2830 1970 2933 {egroti

586 2944 861 3029 deflectendus
896 2958 977 3047 cst,
1011 2946 1053 3019 e't
1080 2946 1275 3018 monente
1302 2933 1527 3047 professore
1553 2960 1692 3040 nostro
1723 2942 1957 3032 doctissimo

583 3071 707 3149 Baud
740 3098 760 3145 ι
795 3067 966 3146 Animus
1000 3062 1052 3142 ab
1084 3063 1221 3141 omni
1215 3061 1476 3167 cogitatione
1513 3064 1683 3144 molesta
1728 3068 1958 3148 avocandus

581 3226 601 3267 ι
630 3206 710 3307 est,
743 3204 785 3269 et
813 3185 949 3299 quoad
981 3185 1067 3293 ejus
1099 3184 1187 3264 fieri
1226 3200 1381 3292 potest,
1412 3192 1463 3266 eo
1499 3214 1629 3299 usque
1666 3182 1963 3296 adducendus,

583 3348 604 3389 ι
631 3331 679 3392 ut
707 3338 812 3418 aeger
845 3309 1121 3417 operationem
1155 3306 1374 3416 discupiat,
1402 3307 1593 3419 illamque
1625 3328 1815 3420 potenter
1846 3310 1957 3394 effla·

586 3468 605 3509 ι
634 3436 744 3542 gitet.
766 3465 787 3509 ι
811 3431 988 3535 Quod
957 3458 992 3511 ιι
1014 3458 1099 3511 sese
1121 3448 1301 3539 opponat
1328 3434 1577 3539 operationi,
1595 3437 1847 3542 praecavendi
1865 3464 1962 3519 eam

585 3554 951 3663 impossibilitatem
973 3570 1184 3663 tempusve
1217 3552 1487 3662 prorogandi,
1503 3582 1610 3663 aegro
1632 3558 1863 3668 explanabit
1881 3558 1960 3637 chi·

582 3702 749 3785 rurgus,
768 3696 810 3761 et
833 3694 1010 3790 exponet
1027 3676 1149 3758 simul
1166 3676 1386 3759 discrimen
1406 3680 1472 3759 cui
1494 3706 1537 3759 se
1563 3683 1800 3784 committit,
1817 3684 1850 3759 si
1865 3680 1958 3784 ,haec

584 3800 821 3908 negligatur.
841 3806 935 3881 Uno
961 3802 1189 3911 eodemque
1212 3818 1398 3911 ternpore
1424 3830 1518 3882 cum
1545 3805 1779 3913 operatione
1804 3825 1957 3880 cessare
1982 3884 1985 3887 ,

583 3920 734 4005 malum
757 3922 822 4003 vel
848 3920 989 4005 saltem
1015 3916 1155 4018 levari,
1181 3947 1266 4004 non
1291 3925 1454 4007 tacebit

636 4174 818 4256 Tristitia
846 4192 887 4253 et
911 4174 978 4253 alii
998 4172 1118 4282 hujus
1142 4172 1300 4280 generis
1318 4170 1486 4253 allectus
1508 4171 1782 4282 deprimentes
1803 4200 1955 4285 nequa-

538 4292 542 4299 ’
585 4320 708 4405 quarn
734 4294 925 4376 laudandi
948 4311 1043 4375 sunt
1069 4298 1113 4375 in
1142 4296 1318 4392 morbis,
1343 4292 1494 4374 idcirco
1516 4322 1608 4375 non
1629 4294 1852 4393 excitandi3
1874 4326 1957 4376 cor·

583 4442 661 4525 pus
687 4418 811 4521 magis
837 4416 967 4497 adhuc
999 4414 1232 4519 debilitant,
1259 4416 1393 4497 morbi
1419 4416 1666 4500 solutionem
1690 4447 1738 4499 ac
1758 4417 1954 4502 valetudi-
2035 4444 2038 4452 ·
