4517 5867
620 591 878 661 RESPONSIO'
893 592 957 661 AD
974 584 1145 678 QUAEST.
1164 594 1310 662 tumn.
1606 594 1652 669 53

278 789 334 871 ad
360 814 446 869 eam
471 791 621 869 reversi
648 789 799 899 repulsi
825 787 1045 889 fuerimus,
1073 808 1145 871 aut
1164 809 1397 875 metuentes
1414 796 1506 873 rim
1526 794 1653 902 majoh

274 938 369 1003 ‚rem
389 914 572 993 animum
601 911 809 993 detinendi
834 909 1102 1016 objecerimus
1129 914 1171 990 L.
1191 916 1240 1016 3,
1260 922 1286 1017 §
1310 946 1351 1026 7,
1369 918 1395 1001 8
1413 934 1454 997 et
1474 945 1523 1025 9,
1541 918 1584 995 L.
1606 915 1655 1019 6,

280 1038 307 1133 §
330 1060 366 1137 1,
387 1036 430 1113 L.
451 1034 520 1134 25,
541 1038 568 1135 §
591 1065 615 1116 a
638 1030 732 1122 llh.
754 1052 780 1109 t.
809 1031 902 1111 Sola
924 1032 1060 1139 itaque
1089 1032 1176 1139 ejus
1202 1035 1472 1141 occupatione
1496 1064 1654 1148 posses·

280 1156 439 1237 sionem
463 1186 548 1239 uon
577 1156 816 1253 amittimus,
846 1152 889 1233 id
911 1152 1024 1263 quod
1049 1154 1165 1234 aliter
1189 1156 1375 1237 obtinere
1401 1160 1578 1239 vidimus
1611 1164 1657 1241 in

234 1260 237 1269 ⁴
283 1278 410 1363 rebus
431 1276 662 1357 mobilibus.
681 1280 735 1357 At
759 1278 863 1357 ratio
892 1275 1136 1385 disparitatis
1155 1305 1241 1357 non
1257 1295 1320 1357 est
1345 1276 1519 1359 difficilis
1539 1280 1657 1377 datu;

281 1400 589 1505 provenitenim
607 1426 656 1476 ex
672 1398 830 1478 diversa
841 1424 979 1481 rerum
998 1400 1209 1499 naturi,et
1217 1428 1358 1481 revera
1367 1399 1660 1510 diximus,p0s·

281 1521 504 1599 sessionem
522 1522 712 1623 retineri,
727 1520 858 1603 donec
880 1520 1108 1603 facultatem
1128 1550 1215 1603 rem
1233 1526 1383 1605 iterum
1402 1552 1575 1633 corpore
1594 1552 1659 1633 ap

279 1643 560 1753 prehendeudi
577 1645 797 1737 habeamus
807 1710 816 1739 ,
828 1646 910 1753 jam
925 1663 1058 1725 autem
1073 1648 1117 1724 in
1130 1648 1256 1725 rebus
1272 1647 1555 1739 immobilibus
1572 1647 1658 1727 sold

284 1770 547 1876 occupatione
579 1767 807 1849 facultatem
844 1769 954 1849 illam
990 1796 1075 1847 non
1104 1770 1350 1872 amittimus,
1386 1787 1530 1878 utpote
1563 1796 1658 1877 pos·

281 1920 424 1973 sumus
444 1892 618 1974 fundum
642 1892 753 1973 adire
784 1909 824 1973 et
843 1910 1129 2003 occupatorem
1149 1892 1372 2001 expellere,
1390 1891 1504 2002 quod
1524 1910 1659 1971 tamen
1731 1890 1735 1895 ’
1807 1998 1818 2013 .

283 2016 482 2121 contingit
507 2018 550 2095 in
569 2015 692 2095 rebus
713 2015 953 2113 mobilibus,
982 2042 1077 2095 nam
1106 2042 1200 2095 cum
1227 2014 1307 2093 illae
1333 2042 1398 2094 res
1418 2042 1494 2124 pro
1516 2014 1659 2095 deten-

141 2194 145 2200 -
285 2140 384 2217 toris
397 2136 567 2217 arbitrio
589 2134 746 2215 deloco
763 2138 808 2215 in
825 2136 961 2215 locum
979 2136 1187 2217 transferri
1210 2138 1391 2243 possint,
1409 2136 1660 2244 impossibile

286 2248 361 2357 est,
383 2286 458 2339 uos
488 2285 553 2337 eas
580 2256 691 2338 adire
715 2275 757 2336 et
782 2276 1068 2362 occupatorem
1093 2256 1306 2361 expellere.
1329 2257 1450 2335 Unde
1475 2287 1563 2335 non
1582 2260 1659 2335 mi·

285 2406 400 2477 rum,
418 2380 552 2486 quod,
571 2380 666 2455 licet
685 2374 959 2455 immobilium
981 2375 1284 2485 possessio-sold
1297 2379 1561 2485 occupatione
1576 2406 1661 2459 uon

286 2500 513 2595 amittatur,
535 2499 829 2606 possessionem
860 2498 1077 2577 mobilium
1105 2515 1240 2578 tamen
1269 2500 1501 2578 amittamus
1525 2502 1661 2581 statim

284 2648 329 2699 nc
357 2621 449 2731 quis
479 2645 544 2699 eas
575 2620 853 2727 occupaverit,
881 2622 1075 2729 quoniam
1107 2620 1192 2699 sols
1227 2647 1370 2700 eorum
1399 2626 1661 2730 occupatione

286 2742 510 2949 ‹cllesipimus
540 2742 691 2825 habere
732 2740 959 2825 facultatem
991 2770 1060 2826 eos
1097 2746 1217 2826 etiam
1242 2771 1415 2852 corpore
1436 2746 1661 2853 apprehen·

319 2893 369 2947 en
401 2895 425 2945 ι.

258 3178 263 3183 -
354 3113 434 3197 Alii
459 3118 579 3197 etiam
601 3133 696 3198 sunt
722 3114 862 3218 modi,
885 3112 1036 3226 quibus
1064 3112 1338 3194 immobilium
1367 3116 1663 3223 possessionem

294 3240 413 3318 inviti
431 3241 676 3343 amittimus,
694 3256 740 3319 ut
762 3241 797 3318 si
820 3236 971 3340 fundus
995 3266 1018 3317 a
1041 3234 1211 3318 flumine
1228 3255 1299 3317 aut
1317 3241 1418 3317 mari
1445 3258 1666 3347 occupetur

289 3362 348 3441 L.·
364 3360 407 3464 3,
435 3366 543 3470 §,17,
561 3360 601 3442 ff.
623 3362 660 3441 h.
680 3380 730 3454 t.;
753 3388 848 3441 nam
866 3389 960 3441 cum
988 3362 1047 3441 sic
1075 3388 1160 3440 non
1184 3362 1357 3467 amplius
1383 3377 1519 3466 pateat
1546 3360 1666 3441 nobis

290 3511 495 3591 regressus
513 3481 565 3561 ad
586 3480 741 3584 locum,
759 3478 975 3566 inundatio
996 3484 1091 3565 lieet
1114 3512 1274 3565 causam
1294 3481 1466 3561 dominii
1485 3509 1570 3557 non
1583 3510 1669 3561 mu·

289 3620 362 3702 tet,
389 3606 683 3711 possessionem
704 3603 863 3715 aliaque
882 3606 994 3713 jura,-
1012 3635 1102 3713 quse
1119 3609 1165 3681 in
1183 3606 1291 3681 facto
1313 3626 1497 3707 personae
1517 3606 1669 3685 consis-

290 3744 401 3826 tunt,
411 3744 459 3807 ut
477 3755 597 3807 usum
615 3746 655 3808 et
670 3728 969 3809 usumfructum
981 3726 1101 3807 uobis
1109 3722 1256 3805 aufert.
1271 3723 1346 3801 His
1361 3738 1496 3801 tamen
1504 3723 1669 3808 obstare

292 3849 454 3937 videtur
474 3851 517 3928 L.
539 3850 608 3955 30,
629 3851 699 3948 §3
719 3850 760 3931 ff.
782 3852 821 3931 h.
840 3868 887 3948 t,
900 3850 975 3931 ubi
998 3849 1173 3929 dicitur:
1196 3844 1404 3955 possidere
1427 3874 1509 3927 non
1523 3845 1670 3929 desini·

294 4000 399 4071 mus3
411 3990 451 4055 at
464 3974 683 4081 legendum
697 3991 757 4055 est
770 3971 978 4083 possidere
999 3998 1072 4051 nos
1091 3969 1336 4072 desinimus,
1349 3969 1565 4078 utiplures
1583 3972 1669 4052 edi·

296 4098 424 4175 tiones
449 4096 623 4197 habent,
645 4099 724 4175 nisi
746 4096 918 4175 velimus
941 4122 1030 4173 eam
1053 4094 1235 4201 accipere
1256 4091 1308 4173 de
1328 4091 1597 4173 inundatione
1618 4094 1670 4173 ad

297 4243 446 4321 paucos
466 4215 572 4318 dies,
601 4216 733 4326 qualis
760 4232 844 4296 erat
866 4216 1036 4295 Lovanli
1060 4241 1111 4295 no
1130 4217 1308 4296 ianuarii
1355 4213 1464 4297 1820.
1486 4211 1670 4295 Tandem

299 4339 519 4419 amittimus
532 4337 662 4419 adhuc
676 4339 969 4447 possessionem
989 4338 1130 4438 inviti,
1150 4339 1184 4416 si
1206 4355 1366 4447 praetor
1378 4332 1555 4439 aliquem
1574 4340 1669 4417 mit·

300 4476 360 4542 tat
374 4461 418 4541 iu
444 4484 530 4543 earu
552 4461 731 4549 seeundo
753 4460 915 4543 decreto
932 4460 975 4539 L.
1003 4458 1067 4558 15,
1088 4460 1113 4557 ᾗ
1135 4488 1182 4543 21
1212 4459 1325 4540 lf‘de
1345 4454 1494 4537 darum
1521 4456 1670 4547 infecto
