4517 5867
528 596 562 736 “,
666 657 717 752 9⁶
1021 654 1171 724 raras
1194 653 1286 722 tos.
1312 649 1419 722 vsu
1442 651 1544 724 nnn·
1564 643 1666 726 ron
1746 641 1748 644 ’

661 865 758 933 nere
785 848 1001 931 minimum
1022 858 1098 951 est,
1119 847 1164 928 id
1193 843 1365 928 maxime
1389 840 1562 956 probare
1588 839 1844 928 videantur.»
1877 835 2030 954 Lepida

664 1001 757 1056 sane
779 973 864 1053 haec
887 988 981 1051 sunt
1004 981 1044 1050 et
1066 985 1193 1078 grata,
1215 968 1288 1050 sed
1310 960 1431 1049 nimis
1459 968 1622 1049 fortasse
1652 969 1799 1050 Graecis
1823 969 2031 1077 probrosa.

663 1099 922 1205 Quapropter
946 1093 1009 1172 his
1031 1090 1306 1201 subjiciendus
1330 1089 1443 1173 locus
1464 1085 1930 1196 Xnaoraorns(1)‚ubi
1956 1090 2031 1167 So·

658 1236 786 1299 crates
811 1216 863 1296 de
894 1217 1133 1296 G'raecorum
1157 1212 1307 1295 edendi
1333 1207 1458 1295 modo
1481 1213 1679 1294 disserens
1704 1211 1841 1293 laudat
1866 1235 2030 1322 quoqne

656 1339 858 1447 Majorum
873 1340 1165 1418 continentiam
1186 1363 1234 1417 ex
1249 1339 1338 1446 ipso
1354 1337 1469 1418 verbi
1488 1351 1591 1444 ῖτύμφ
1605 1337 1821 1448 quaesitam.
1839 1336 1909 1413 Ait
1926 1332 2032 1413 enim

656 1460 830 1542 verbum
852 1473 1029 1564 εὐωχεῖσθαι
1048 1460 1179 1539 Attica
1198 1459 1337 1566 lingui
1356 1458 1578 1566 significare
1605 1456 1743 1554 edere,
1767 1455 2029 1564 additumque

658 1609 744 1662 esse
778 1593 830 1673 rt,
861 1582 976 1675 bene,
1005 1596 1054 1660 nt
1077 1607 1123 1660 ea
1146 1580 1411 1660 comedantur
1440 1597 1612 1684 tantum,
1639 1607 1729 1692 quse
1753 1605 1828 1659 nec
1852 1571 2028 1658 animum

656 1730 734 1783 nec
757 1729 905 1812 corpus
928 1700 1074 1782 laedant
1097 1719 1138 1782 et
1159 1727 1251 1813 quae
1274 1701 1388 1782 facile
1409 1704 1583 1783 inveniri
1607 1704 1774 1809 possint
1795 1698 1892 1807 Ειιγι
1920 1705 1956 1780 a
1980 1713 2031 1779 sat

659 1845 700 1916 ὡς
718 1838 757 1906 τὸ
778 1837 954 1932 εὐωχεῖσθαι
972 1841 1003 1904 iv
1023 1846 1064 1912 τῆ
1085 1827 1243 1922 dinanius
1261 1840 1388 1935 γλώττῃ
1409 1837 1513 1907 ἐσθίειν
1537 1841 1676 1906 καλοῖτο·
1695 1837 1734 1904 τὸ
1756 1829 1792 1904 di
1814 1835 1846 1904 sb
1871 1843 2030 1930 τροωιεῖο·

659 1952 731 2039 θαι,
757 1961 834 2050 ipa,
858 1958 909 2027 ἰπὶ
931 1965 978 2047 τῷ
1002 1967 1106 2026 ταῦτα
1130 1958 1257 2046 debitae,
1282 1961 1372 2028 ἅτινα
1394 1963 1473 2053 μήτε
1499 1963 1556 2033 τὴν
1582 1957 1682 2052 ψυχὴν
1705 1963 1786 2048 pairs
1809 1958 1848 2025 τὸ
1872 1967 1961 2046 σῶμα
1978 1964 2032 2023 λιι-

657 2081 752 2157 ποῖη,
776 2084 856 2168 μήτε
881 2074 1049 2169 δυσεύρετα
1074 2081 1130 2154 εἴη.
1157 2085 1218 2160 ὥςι
1244 2081 1297 2149 καὶ
1318 2083 1357 2149 το
1383 2077 1560 2172 εὐωχεῖσθαι
1584 2083 1651 2153 τοῖς
1677 2076 1809 2169 κοσμίως
1828 2062 2033 2169 διαιτωμένοις

512 2269 516 2274 ,
662 2198 801 2266 ἀνετίθει.
823 2183 989 2264 Accedit
1009 2183 1122 2292 quod
1142 2185 1272 2262 Graeci
1291 2183 1540 2292 antiquiores
1559 2205 1784 2296 numquam
1803 2207 1960 2264 merum
1978 2179 2037 2264 bi·

659 2305 760 2386 bere
780 2303 890 2384 soliti
914 2304 1187 2404 matrinam,
1208 2301 1281 2382 sed
1299 2303 1403 2414 aqud
1427 2320 1696 2413 temperatum
1715 2306 1788 2411 (a):
1813 2305 1925 2415 qnod
1942 2333 2033 2386 sane

660 2428 713 2510 ad
731 2427 900 2536 pristina
920 2425 1178 2534 potissimum
1201 2440 1385 2533 tempora
1404 2427 1595 2535 pertinet,
1615 2426 1689 2506 ubi
1708 2428 1837 2507 Graeci
1854 2427 2034 2508 Asiaticis

664 2548 858 2657 operibus
887 2565 1009 2656 atque
1041 2545 1192 2625 divitiis
1222 2546 1407 2626 nondum
1435 2546 1615 2655 'corrupti
1646 2541 1788 2655 probis
1815 2547 2035 2629 utebantur

664 2669 859 2748 moribus.
881 2667 961 2748 Sed
980 2666 1057 2746 boc
1077 2668 1187 2748 idem
1208 2669 1333 2774 magis
1355 2667 1476 2747 etiam
1499 2668 1550 2747 de
1568 2669 1760 2750 Romanis
1782 2667 1897 2750 valet.
1920 2671 2037 2749 Post·

661 2810 791 2899 quarn
810 2789 920 2866 enirn
948 2791 1184 2864 universum
1210 2787 1294 2860 fere
1315 2805 1516 2862 terrarum
1542 2787 1685 2863 orbem
1706 2785 2034 2896 perdomuersnt,

714 3059 762 3149 (1)
786 3053 971 3126 Memorab.
986 3051 1125 3124 Socratis
1139 3048 1215 3126 Lib.
1226 3049 1285 3126 111.
1300 3073 1373 3150 cap·
1391 3049 1443 3120 14.
1458 3053 1479 3142 ς
1495 3055 1802 3154 7.pag·167·Ern.

714 3247 763 3339 (τ)
787 3247 888 3317 Coni.
905 3243 1048 3315 nom.
1063 3245 1209 3338 Odyssea
1219 3245 1278 3317 lx.
1293 3271 1327 3318 t.
1341 3259 1436 3342 9‚eq.
1450 3245 1531 3321 item
1542 3249 1660 3346 Odyss.
1672 3255 1700 3322 1.
1721 3279 1795 3326 110.
1810 3257 1982 3330 sanans
1994 3263 2031 3331 in

669 3356 835 3443 Antiquit.
858 3353 994 3421 Homer·
1018 3375 1094 3444 pag.
1117 3353 1206 3438 280,
1229 3377 1301 3442 sqq.
1326 3355 1495 3424 Caeterum
1516 3361 1576 3426 etsi
1596 3363 1790 3430 convivium
1811 3366 1900 3453 apud
1923 3368 2033 3434 solutae

669 3459 828 3526 orationis
842 3459 1018 3547 scriptores
1038 3457 1148 3546 ιῦωχὼι
1168 3460 1292 3526 dicitur
1315 3459 1388 3542 sive
1405 3467 1575 3548 συμπόσιον,
1592 3483 1612 3531 a
1630 3466 1737 3554 potitis
1755 3461 1873 3558 saepius
1889 3493 2032 3562 usurpa-

557 3634 563 3644 ,
667 3577 726 3630 tur
744 3563 821 3648 δαίς,
833 3564 931 3651 cujus
950 3559 1084 3630 Veteres
1098 3575 1165 3630 tres
1182 3563 1427 3652 distinguebant
1442 3555 1583 3655 formas,
1600 3577 1693 3660 γάμον
1705 3563 1844 3664 scilieet}
1861 3577 2034 3664 quoderat

668 3669 865 3737 oontitium
890 3666 1083 3738 institutum
1109 3670 1152 3738 ad
1175 3668 1308 3757 nuptias
1330 3670 1555 3758 celebrandas,
1576 3686 1652 3741 tum
1674 3675 1828 3763 ω’λατιῖιην,
1850 3683 1940 3766 quod
1964 3696 2033 3750 erat

668 3775 865 3844 convitium
882 3775 1016 3844 lautum
1027 3787 1071 3863 et
1086 3775 1284 3866 opiparum,
1302 3776 1340 3842 in
1361 3797 1429 3867 quo
1448 3778 1564 3868 plures
1579 3781 1720 3856 solemni
1736 3783 1835 3850 modo
1851 3805 2032 3873 congrega-

670 3879 807 3967 bantur,
819 3881 1003 3971 snpiuaque
1012 3881 1077 3948 hoo
1082 3879 1225 3948 fiebatin
1237 3881 1388 3950 Deorum
1401 3883 1578 3952 honorem.
1591 3887 1657 3976 (Jo.
1668 3888 1757 3954 Dan.
1769 3887 1943 3954 umen
1955 3889 2035 3978 Ety-

672 3987 829 4076 mologie.
845 3988 984 4076 Lingua
1002 3986 1126 4054 Graecae
1142 4007 1218 4076 pag.
1238 3986 1328 4076 194.)
1343 3999 1513 4076 postremo
1527 3989 1640 4080 ῖρὰιον,
1653 3993 1742 4080 quod
1753 4005 1821 4062 erat
1833 4003 1934 4060 tanne
1949 4015 2034 4062 oon-

673 4091 803 4158 vivium
821 4105 853 4160 et
870 4091 1017 4180 frugale,
1037 4093 1135 4157 certis
1155 4092 1363 4180 temporibus
1383 4117 1401 4160 a
1421 4093 1656 4184 symbolorum
1678 4097 1887 4166 oollatoribus
1906 4099 2035 4173 institui

672 4197 822 4264 solitum.
844 4195 980 4264 Cmun.
999 4193 1194 4262 sinamus
1211 4195 1248 4261 in
1265 4195 1445 4264 Observatt.
1457 4201 1499 4266 ad
1511 4201 1571 4266 Jus
1584 4201 1684 4268 Attio.
1695 4215 1729 4269 et
1737 4201 1835 4271 Rom.
1848 4226 1925 4294 pag.
1939 4206 1977 4291 4,
1987 4229 2032 4299 sq.

672 4312 707 4366 et
725 4299 1150 4390 57,sq.lnnr1DeUsuris
1168 4299 1249 4391 Cap.
1270 4301 1302 4367 5.
1322 4301 1648 4372 saonensem
1667 4307 1840 4376 Adverssr.
1856 4311 2031 4377 Miscellsn.

673 4405 784 4472 Posth.
807 4429 882 4494 pag.
903 4406 985 4491 855,
1002 4427 1052 4492 sq.
1075 4408 1121 4470 Js.
1142 4405 1371 4473 curmontis
1392 4410 1433 4474 ad
1453 4409 1673 4500 Theophrasti
1692 4411 1881 4482 Character.
1904 4415 1977 4486 XV.
1994 4417 2033 4481 ad

659 4512 897 4598 ‘eumdemque
907 4512 1112 4580 doctissimus
1122 4511 1281 4578 Comma
1291 4512 1329 4577 in
1340 4509 1581 4584 Animadversa.
1592 4536 1668 4608 pag·
1681 4518 1762 4586 tet.
1772 4521 1901 4588 darius
1911 4499 2033 4591 ad'i'la-
