4517 5867
444 545 688 622 nrsrorsto
711 545 777 618 an
799 543 1110 654 cumrerum·
1128 549 1407 623 sorsnrclu.
1572 573 1627 649 ις

241 775 326 862 ρετ
343 747 413 830 has
427 763 561 857 partes
575 725 756 828 mortuas
769 769 924 854 semper
941 742 991 824 de
1004 747 1171 840 materia
1180 748 1337 831 amittit
1351 745 1483 830 Massa
1495 767 1631 834 eutem

254 871 409 956 corticis
428 898 510 952 non
538 868 755 971 minuitur,
777 865 847 948 sed
866 867 1078 976 quotannis
1102 882 1279 978 augetur.
1302 872 1354 948 Et
1372 889 1562 979 praeterea
1587 876 1630 962 in

248 995 422 1076 sectione
439 991 619 1079 verticali
638 989 771 1106 uunci
786 989 856 1100 qui
876 989 1027 1102 aliquot
1042 979 1167 1073 annos
1187 990 1328 1095 crevit,
1342 1011 1558 1074 cernuntur
1583 997 1627 1079 in

251 1119 397 1201 cortice
413 1133 473 1198 tet
488 1115 625 1198 annuli
644 1112 754 1218 libri,
771 1127 869 1222 quet
883 1112 997 1224 ligni;
1016 1113 1108 1197 inde
1121 1115 1296 1196 maxime
1310 1143 1407 1199 vero
1422 1132 1483 1197 est
1497 1116 1627 1198 simile

253 1241 392 1324 eodem
410 1240 530 1322 medo
554 1255 593 1320 et
610 1238 747 1320 eodem
767 1254 962 1346 tempore,
983 1267 1063 1348 quo
1083 1269 1213 1321 novus
1231 1239 1402 1322 annulus
1423 1239 1522 1350 ligni
1542 1238 1626 1321 for·

237 1353 406 1466 matur,
431 1391 581 1447 novum
604 1360 696 1443 libri
719 1363 913 1443 annulum
936 1363 1113 1472 produci.
1133 1365 1280 1446 Cortex
1297 1365 1419 1476 igitur
1436 1363 1629 1446 arborum

254 1503 503 1570 vetustarum
524 1485 684 1566 nonnisi
706 1484 800 1568 libri
826 1487 983 1570 annulis
1011 1488 1277 1572 constituitur.
1304 1490 1353 1570 ln
1375 1487 1534 1570 annulis
1557 1516 1626 1570 ve·

251 1608 486 1690 tristioribus
511 1610 698 1694 cavitates
725 1609 1265 1718 cellularumobstrnuntur,
1290 1612 1362 1694 sed
1385 1627 1539 1693 meatus
1564 1611 1629 1691 in·

253 1733 516 1814 tercellulares
538 1734 665 1846 aperti
689 1750 802 1838 sunt,
821 1751 866 1814 ¹ct
884 1733 1012 1818 inhis
1032 1735 1179 1818 humer
1202 1735 1433 1848 vegetabilis
1454 1733 1630 1817 aseendit

251 1871 297 1938 ut
313 1857 356 1938 in
375 1856 553 1941 alburno.
570 1857 742 1970 Lignum
755 1875 795 1940 et
812 1876 946 1941 cortex
960 1888 1117 1972 semper
1129 1859 1181 1942 ab
1192 1861 1363 1942 invicem
1377 1869 1632 1966 ceparanum

251 1998 291 2062 et
312 1999 518 2090 nunquam
536 1997 672 2059 cortex
684 1984 728 2058 in
747 1983 918 2088 lignum,
935 1977 1128 2060 neeliber
1148 1983 1192 2062 in
1213 1981 1427 2062 alburnum
1445 1978 1626 2061 vertitur.

251 2105 338 2186 Hac
354 2103 434 2184 duo
447 2095 622 2210 'corpora
645 2101 762 2210 plane
781 2101 859 2181 sibi
876 2118 1151 2211 opponuntur,
1168 2119 1216 2182 ut
1240 2102 1320 2184 duo
1335 2102 1418 2212 poli
1436 2103 1628 2184 columne

252 2225 479 2335 galbanice,
494 2225 553 2306 sic
568 2239 615 2305 ut
629 2222 843 2306 alburnum
859 2224 1095 2334 respondeat
1107 2227 1202 2336 pole
1220 2225 1408 2334 positivo,
1421 2223 1522 2306 liber
1536 2222 1628 2337 polo

256 2345 452 2458 negativo.

305 2562 421 2646 Radii
442 2563 678 2648 medullares
703 2583 799 2650 sunt
830 2565 1007 2682 reliquiae
1033 2525 1354 2684 perenchymatis
1375 2572 1418 2655 in
1444 2597 1525 2684 quo
1546 2567 1626 2650 las·

251 2675 371 2767 ciculi
396 2705 588 2771 vasorum
615 2688 856 2772 inseruntur.
885 2691 977 2774 Sola
1008 2712 1102 2778 sunt
1134 2724 1282 2808 organa
1312 2691 1459 2805 quibus
1492 2691 1627 2804 planta

253 2797 546 2886 horizontalit'er
576 2813 724 2882 erescit.
755 2817 791 2882 Α
817 2809 986 2884 medullrl
1015 2816 1200 2886 oriuntur
1221 2817 1263 2887 in
1287 2815 1459 2886 seeundo
1480 2812 1626 2888 annulo

253 2927 407 3038 lignoso
421 2940 461 3002 et
474 2923 659 3002 corticem
670 2951 762 3019 curn
775 2923 1204 3036 medulliconneetunt.
1217 2927 1374 3007 Horum
1387 2955 1627 3036 organorum

253 3047 405 3132 functio
420 3043 601 3126 consistit
613 3045 655 3124 in
668 3039 925 3127 sustentanda
943 3047 1297 3129 communicatione
1308 3049 1511 3158 primitivi
1523 3051 1627 3134 inter

252 3153 470 3256 medullam
487 3183 526 3247 et
544 3165 747 3272 corticem,
766 3194 854 3276 quae
872 3161 986 3249 aliter
1004 3186 1281 3279 separarentur
1299 3171 1455 3253 annulis
1475 3171 1568 3256 libri
1588 3193 1628 3258 et
1654 3267 1660 3276 ,

255 3293 369 3406 ligni,
384 3310 423 3373 et
441 3288 643 3372 concurrit
660 3289 711 3370 ad
726 3317 873 3371 novam
889 3288 1202 3400 procreationem
1218 3293 1394 3403 partium
1406 3293 1627 3379 ablatarum

255 3415 602 3526 verisimiliterque
627 3405 676 3494 ad
698 3410 976 3495 formationem
994 3411 1092 3526 ligni
1111 3432 1151 3498 et
1172 3407 1265 3499 libri
1284 3445 1356 3528 per
1372 3419 1626 3530 preparatiq·

246 3529 352 3632 ueni
375 3531 528 3620 cambii.
602 3629 607 3636 ‚
1434 3532 1439 3544 ¹
1583 3538 1586 3546 '

307 3745 525 3870 Replicatis
544 3739 855 3838 librarum‘v'ssa
879 3751 1103 3860 constituit,
1124 3747 1296 3872 querum
1317 3762 1487 3876 parietes
1508 3757 1627 3846 effor-

254 3883 375 3962 rllant.
402 3883 449 3959 In
467 3895 548 3959 tres
569 3877 728 3959 ordines
750 3906 845 3962 vasa
870 3877 1169 3997 dispersurum,
1188 3887 1231 3967 in
1247 3916 1343 3972 vasa
1360 3888 1628 4002 lymphatica,

261 4003 423 4112 propria
443 4015 481 4082 et
503 4005 626 4084 aerea.
646 4004 752 4081 Vasa
770 4001 1034 4114 lymphatica,
1052 4005 1100 4086 de
1118 4003 1265 4118 quibus
1281 4008 1362 4122 jam
1382 4033 1520 4124 supra,
1541 4036 1625 4093 eor·

255 4121 366 4234 poris
394 4115 536 4231 lignosi
563 4133 659 4204 sunt
679 4139 832 4205 meatus
856 4127 1163 4220 interoellulares
1194 4131 1423 4231 cellularum
1444 4137 1562 4249 ligni,
1588 4144 1627 4215 et

257 4235 354 4326 rasa
379 4243 536 4322 corticis
564 4261 658 4322 sunt
686 4245 770 4354 ejus
798 4266 951 4330 meatus
980 4245 1296 4336 intercellulares.
1330 4250 1436 4342 Vasa
1463 4252 1627 4368 propria

259 4365 461 4448 continent
487 4367 720 4453 sacrationes
757 4369 1008 4482 plantarum,
1034 4377 1213 4492 gummi,
1243 4379 1418 4483 resinae,
1453 4383 1627 4494 aliasque
