4517 5867
628 632 675 707 80
803 680 806 689 ·
975 626 978 635 ¹
1018 637 1175 713 mette.
1200 635 1292 709 mu
1316 635 1608 708 senoensem}

594 922 597 930 ⁴
628 868 648 913 s
675 862 781 946 pour
807 836 983 945 pouvoir
1006 836 1204 945 prescrire
1227 833 1258 913 il
1280 833 1365 913 faut
1381 859 1463 914 une
1486 830 1716 941 possession
1717 882 1848 905 .....
1865 823 2003 913 ltitre

627 990 647 1033 s
675 959 727 1038 de
745 958 1009 1066 proprietaire
1029 990 1049 1032 e
1070 958 1206 1036 animo
1226 946 1832 1058 domini,ert22219Cod.Civ.
1852 951 1893 1031 si
1906 951 2005 1063 quis

626 1081 762 1187 itaque
781 1081 963 1186 precario
978 1077 1194 1189 possident,
1209 1079 1302 1158 licet
1310 1081 1385 1186 per'
1396 1094 1558 1183 tempus
1565 1072 1631 1156 vel
1644 1073 1927 1178 longissimum
1943 1078 2001 1152 sic

626 1198 882 1305 possedisset,
892 1201 1047 1281 nullam
1059 1229 1253 1312 umquem
1266 1199 1612 1307 praescriptionem
1625 1211 1763 1302 posset
1773 1221 1999 1301 opponere,

626 1346 720 1399 eum
729 1321 935 1402 videretur
944 1350 1103 1431 semper
1117 1322 1263 1402 eodem
1280 1320 1420 1420 titulo,
1437 1308 1557 1398 titulo
1573 1316 1755 1424 precario
1771 1315 2001 1422 possidere,

627 1466 676 1518 eo
690 1442 803 1550 quod
816 1442 904 1522 solo
921 1443 1036 1549 lapsu
1048 1443 1246 1549 temporis
1259 1456 1329 1519 sut
1344 1441 1430 1518 sold
1445 1438 1653 1517 voluntate
1672 1454 1755 1516 non
1769 1453 1904 1544 potest
1918 1435 2000 1541 sibi

625 1561 713 1666 ipse
743 1578 900 1641 mutere
931 1589 1089 1641 oensem
1116 1589 1192 1640 seu
1212 1560 1381 1640 titulum
1402 1586 1481 1640 suae
1507 1560 1791 1668 possessionis,
1815 1560 1878 1639 uti
1904 1583 2001 1636 mox

627 1679 868 1761 videbimus.

680 1926 749 2007 Fit
760 1928 878 2007 etiam
891 1929 1045 2007 mentio
1060 1928 1111 2007 de
1126 1930 1260 2035 specie
1274 1930 1537 2037 possessionis
1547 1930 1736 2037 precariae
1751 1928 1794 2005 in
1808 1943 1882 2005 art.
1893 1925 1997 2006 2232

627 2045 724 2128 Cod.
741 2049 1002 2145 Civ.;dicitur
1022 2052 1196 2127 enimin
1214 2048 1294 2127 hoe
1311 2068 1404 2128 am:
1424 2082 1444 2124 u
1462 2051 1521 2130 les
1539 2066 1643 2129 actes
1662 2049 1712 2129 de
1730 2074 1832 2158 pure
1849 2044 1998 2125 inculte

625 2198 646 2241 s
668 2185 708 2247 et
723 2195 824 2250 ceux
843 2169 894 2248 de
915 2170 1059 2278 simple
1079 2170 1281 2251 tolerante
1299 2200 1352 2251 ne
1365 2188 1544 2279 peuvent
1557 2170 1705 2252 sunder
1715 2172 1759 2251 ni
1772 2167 2001 2277 possession

625 2318 646 2361 s
667 2290 711 2366 ni
724 2292 1047 2398 prescriptione
1068 2292 1105 2371 Is
1124 2294 1279 2399 itaque,
1296 2293 1409 2399 cujus
1425 2294 1623 2399 possessio
1642 2292 1733 2371 telis
1748 2307 1811 2370 est
1824 2304 1998 2383 naturae,

625 2407 785 2487 nullum
802 2411 866 2516 jus
883 2411 1006 2490 hebet
1022 2438 1156 2519 neque
1173 2412 1302 2488 ullum
1320 2427 1455 2514 potest
1465 2438 1540 2515 per
1557 2436 1644 2485 eam
1662 2410 1895 2516 acquirens,
1910 2434 2002 2485 nem

625 2526 718 2605 licet
742 2530 866 2627 illud,
893 2528 1006 2635 quod
1029 2529 1237 2607 voluntate
1260 2545 1301 2604 et
1320 2528 1514 2631 patieutid
1541 2525 1695 2603 domini
1724 2526 1787 2618 fit,
1812 2528 2005 2604 videatur

623 2645 789 2753 quidem
809 2648 975 2725 tacitum
996 2646 1214 2755 quemdam
1239 2670 1482 2724 consensum
1501 2669 1757 2752 supponere,
1781 2670 1878 2721 cum
1902 2672 2000 2751 pos-

622 2768 745 2846 sessio
759 2776 901 2849 n'ostea
913 2766 1202 2841 sdnhitrinm
1213 2764 1373 2841 domim
1387 2781 1534 2862 cesset,
1552 2764 1757 2871 implicet,
1776 2766 2001 2871 quominus

624 2910 697 2991 per
717 2908 804 2963 enm
822 2877 987 2989 aliquod
1005 2877 1070 2985 jus
1086 2879 1351 2987 aequiramus.
1374 2882 1482 2961 Hinc
1505 2889 1539 2963 si
1560 2889 1651 2987 quis
1670 2914 1747 2985 per
1770 2886 1838 2982 30,
1860 2886 1912 2970 50
1935 2886 2000 2965 vel

623 3005 760 3113 plures
782 3029 909 3081 annos
930 2993 1114 3110 quetidie
1135 2997 1244 3106 apud
1262 3026 1327 3078 me
1348 2999 1567 3106 prandium
1584 3002 1840 3108 sumpsisset,
1858 3002 1998 3083 indul-

624 3126 758 3228 gentia
778 3149 845 3219 ea,
867 3122 947 3230 qud
972 3146 1066 3198 eum
1086 3121 1286 3227 apparatis
1308 3117 1438 3225 epulis
1460 3119 1645 3232 quotidie
1667 3120 1904 3229 recipiendo
1924 3150 1998 3229 per

624 3244 726 3323 illud
748 3260 907 3351 tempus
929 3267 1026 3321 usus
1051 3267 1162 3341 sum,
1188 3240 1344 3321 nullam
1367 3268 1563 3350 umquam
1586 3244 1665 3350 ipsi
1692 3243 1997 3351 suppeditatum

625 3382 685 3449 est
698 3366 912 3459 actionem,
924 3362 1005 3471 qul
1017 3389 1083 3441 me
1095 3362 1223 3468 possit
1235 3388 1398 3467 cogere,
1408 3379 1456 3441 ut
1471 3390 1567 3442 eum
1579 3365 1848 3471 inposterum
1860 3366 1998 3445 mense

625 3488 834 3587 accipism3
848 3482 997 3563 factum
1012 3485 1121 3561 enim
1136 3481 1238 3561 illud
1250 3480 1438 3561 sumendi
1452 3484 1562 3591 apud
1575 3512 1641 3562 me
1654 3484 1871 3590 prandium
1885 3513 1998 3564 num·

626 3626 750 3711 quam
764 3605 942 3678 exercuit
951 3605 1028 3681 nisi
1037 3602 1246 3683 voluntate
1257 3620 1297 3683 et
1304 3605 1496 3711 patientid
1512 3606 1618 3709 mel,
1631 3621 1673 3684 et
1681 3604 1855 3711 proinde
1872 3604 1997 3709 appli-

627 3718 777 3801 oandus
790 3730 858 3801 'est
877 3720 954 3833 ipsi
975 3739 1046 3811 art.
1067 3722 1172 3810 2232
1194 3723 1285 3816 Cod
1317 3726 1405 3809 Civ.

680 3966 879 4048 ceterum
897 3984 1032 4049 temen
1051 3969 1184 4050 dietus
1200 3988 1271 4050 art.
1291 3970 1395 4053 2232
1415 3971 1566 4076 patitur
1577 3968 1856 4076 exeeptionem
1874 3995 1989 4072 casu,

627 4119 711 4199 quo
737 4092 828 4203 quis
852 4090 1082 4196 contendit,
1106 4120 1149 4172 se
1173 4094 1478 4202 praescriptione
1500 4092 1738 4185 liberatum
1763 4090 1859 4168 licet
1881 4091 1995 4170 euim
2117 4120 2120 4126 ·

627 4228 739 4291 actus
754 4213 818 4320 jus
832 4242 950 4295 suum
962 4214 1232 4325 persequendi
1251 4217 1305 4294 sit
1320 4232 1440 4293 setus·
1451 4239 1615 4292 summu
1632 4210 1849 4314 facultatis,
1863 4229 1998 4319 potest

626 4337 963 4530 ffiencquisque
997 4335 1160 4418 debitor
1189 4363 1233 4415 se
1260 4338 1562 4445 prescriptione
1590 4333 1761 4415 liberare
1791 4350 1861 4413 art
1892 4335 1990 4431 πάι

719 4508 727 4524 .
786 4481 836 4533 iv.
