4517 5867
613 648 658 723 38
932 648 1154 721 ANDREAE
1177 644 1350 720 const<
1370 644 1653 717 KHONRAAD

611 846 697 910 tere
726 842 917 935 possunt,
945 827 1226 932 congestiones
1246 827 1289 905 in
1314 827 1442 905 varias
1461 841 1615 933 partes,
1640 840 1761 903 stases
1786 822 1965 904 abdomi-

609 950 743 1052 nales,
761 949 894 1030 cordis
916 948 1216 1060 palpitationes,
1244 962 1458 1057 syncopes,
1478 962 1752 1053 anevrysmata
1778 944 1910 1025 cordis
1930 960 1970 1025 et

608 1064 798 1151 vasorum
826 1070 1043 1181 majorum,
1072 1070 1234 1152 tandem
1251 1097 1365 1151 ‘mors
1391 1069 1553 1177 sequela
1575 1095 1661 1149 esse
1676 1082 1817 1176 ‘potest
1838 1068 1971 1148 turba·

609 1218 701 1271 rum
723 1220 813 1301 quae
835 1193 1097 1273 abolitionem
1117 1192 1373 1274 fuucfionum
1396 1192 1529 1272 cordis
1550 1191 1759 1271 inducunt.
1868 1202 1880 1222 ¹
1903 1222 1906 1227 ·

658 1389 744 1470 Sub
769 1388 977 1469 affectibus
1000 1392 1124 1468 animi
1148 1392 1272 1493 gratis
1284 1392 1492 1495 respiratio
1506 1390 1635 1469 libera
1652 1406 1713 1469 est
1725 1374 1969 1497 et'jucunda,

609 1508 745 1588 debita
781 1509 969 1587 dilatatur
994 1510 1161 1609 thorax,
1190 1508 1355 1587 circulat
1381 1526 1488 1589 recte
1516 1511 1745 1615 sauguisju
1777 1510 1971 1618 pulmoni·

611 1628 705 1725 hus,
724 1644 766 1706 et
785 1626 932 1707 blande
955 1630 1179 1708 succutitur
1202 1629 1288 1709 risu
1308 1644 1458 1735 pectus.
1473 1629 1647 1731 Quando
1666 1646 1814 1710 exeunt
1833 1630 1977 1732 finem,

531 1748 536 1755 '
608 1767 698 1829 tum
720 1746 765 1827 fit
783 1748 1032 1829 tumultuose
1056 1765 1096 1829 et
1112 1775 1370 1857 praepropere
1391 1751 1614 1858 respiratio,
1640 1750 1752 1853 quod
1769 1752 1972 1853 contingit

606 1868 790 1949 similiter
807 1870 851 1949 iu
869 1870 946 1967 ira,
965 1870 1037 1953 uhi
1056 1868 1274 1979 aliquando
1294 1869 1527 1944 convulsiva
1543 1879 1619 1962 est,
1637 1880 1677 1943 et
1696 1864 1830 1943 anima
1847 1866 1972 1947 intes

606 1988 714 2070 cludi
740 2006 883 2097 potest.
907 1988 993 2065 Sub
1020 1988 1189 2093 ingratis
1206 1987 1322 2064 anxia
1340 2002 1400 2065 est
1418 1986 1646 2094 respiratio,
1659 1986 1841 2093 pondere
1858 1990 1976 2095 quasi
1992 2073 1997 2083 ,

604 2108 851 2217 opprimitur
869 2122 1031 2213 pectus,
1058 2104 1113 2185 ob
1142 2105 1410 2187 difficiliorem
1443 2108 1656 2186 transitum
1681 2107 1887 2215 sanguinis
1920 2108 1975 2189 ad

604 2254 677 2307 cor
698 2228 930 2327 sinistrum3
948 2247 1143 2335 apparent
1161 2230 1348 2337 suspiria,
1364 2256 1436 2308 seu
1454 2223 1662 2336 inspiratio
1682 2228 1805 2335 longa
1823 2227 1874 2308 ad
1893 2227 1976 2307 cel-

605 2346 705 2427 lulas
724 2344 967 2455 pulmonum
988 2348 1261 2457 ampliandas,
1279 2368 1320 2430 et
1343 2350 1524 2430 oscitatio
1546 2350 1661 2455 cujus
1679 2336 1976 2431 mechanismus

605 2466 715 2548 idem
746 2486 824 2567 est;
855 2469 1051 2577 singultus
1080 2488 1121 2557 et
1146 2470 1264 2551 fletus
1286 2497 1466 2579 persaepe
1489 2470 1675 2550 eduntur.

643 2664 792 2745 &Morbi
809 2692 919 2765 qum
937 2667 1105 2761 pariunt
1122 2666 1355 2759 hugonis
1375 2652 1660 2762 respirationis
1674 2664 1795 2738 sun't:
1817 2658 1971 2741 inflam-

604 2782 802 2863 mationes
834 2792 958 2857 acutae
982 2792 1023 2853 et
1051 2774 1247 2853 chronicae
1278 2774 1543 2883 pulmonum,
1570 2779 1716 2883 tussis,
1749 2781 1903 2861 asthma
1932 2801 1977 2863 et

606 2902 786 3010 phthisis.
812 2902 924 2981 Mors
953 2898 1118 2977 evenire
1145 2912 1280 3005 potest
1295 2898 1520 3007 intercepto
1540 2899 1676 2981 subito
1702 2904 1857 3010 spiritu.

668 3090 755 3167 Sub
776 3090 905 3192 gratis
937 3086 1147 3169 affectibus
1177 3086 1349 3194 digestio
1383 3090 1635 3171 stomachalis
1664 3106 1706 3170 et
1734 3090 1974 3173 duodenalis

605 3232 787 3313 congruo
798 3206 922 3287 modo
931 3207 995 3309 fit,
1009 3235 1152 3291 omnes
1166 3210 1534 3321 liquoresjratione‚
1548 3240 1571 3291 a
1588 3229 1729 3292 natura
1743 3228 1907 3313 musta,
1926 3215 1974 3293 in

609 3356 756 3436 organa
769 3329 961 3436 digestiva
975 3328 1261 3431 effunduntur,
1279 3350 1321 3412 et
1338 3333 1384 3413 in
1399 3332 1630 3443 aquilihrio
1649 3350 1765 3432 sunt3
1778 3334 1851 3417 sed
1872 3335 1973 3417 dom

607 3452 794 3533 laudares
826 3468 938 3556 sunt,
973 3470 1062 3535 tum
1092 3454 1352 3535 invertantur
1385 3456 1468 3536 brac
1494 3455 1758 3563 phaenomena
1785 3474 1827 3537 et
1851 3460 1973 3549 uariae

606 3574 735 3669 turbo
789 3592 1019 3667 nascantur.
1048 3576 1213 3681 'Ingrati
1262 3576 1431 3659 allectus
1473 3580 1697 3685 proesertim
1738 3578 1968 3684 digestionis

608 3694 786 3775 officium
804 3698 974 3794 laedunt3
996 3697 1074 3779 suh
1095 3697 1159 3779 his
1189 3698 1326 3781 nullus
1345 3698 1466 3779 datur
1482 3701 1704 3807 appetitus,
1725 3695 1967 3779 verniculus

606 3842 727 3897 suum
749 3817 881 3897 amisit
901 3836 1048 3895 tonum
1074 3838 1115 3897 et
1139 3838 1290 3930 torpet,
1307 3821 1415 3901 iners
1437 3838 1498 3901 est
1515 3818 1885 3924 succusgastricas,
1903 3815 1967 3893 iu·

609 3937 763 4044 digesta
782 3936 914 4044 jacent
943 3938 988 4017 in
1013 3937 1090 4017 hoc
1120 3966 1271 4048 organo
1295 3940 1487 4047 assumpti
1513 3939 1619 4037 cibi,
1641 3955 1682 4017 st
1706 3936 1967 4041 epigsstrium

608 4058 907 4160 constringunt3
921 4073 1010 4137 tum
1027 4059 1220 4166 temporis
1241 4058 1505 4136 observantur
1523 4054 1646 4132 etiam
1662 4069 1819 4151 ructus,
1840 4052 1969 4133 sbdo-

609 4180 729 4257 rninis
755 4179 905 4275 tensio,
927 4176 1216 4286 horbmygmi,
1234 4178 1494 4284 constipatio,
1510 4174 1679 4283 aliasque
1699 4171 1827 4253 turhae
1846 4200 1969 4283 appa·

540 4340 541 4343 ¹
608 4312 719 4377 ratus
746 4294 981 4400 digestionis
1010 4314 1262 4378 euasermtnr.

662 4472 835 4557 Haesuut
845 4476 1267 4585 cardialgia,vomitus,
1283 4473 1512 4589 dyspepsia,
1527 4476 1781 4609 phlegmasiae
1795 4426 1967 4556 mucosa·
