4517 5867
685 555 753 638 rod
1053 559 1203 632 PETRI
1225 561 1319 635 JOS.
1345 563 1443 640 vAtt
1466 565 1569 638 DER
1591 561 1695 642 ‘l'Oll

677 730 785 840 plius
807 735 1029 843 patiuntur,
1054 738 1133 823 hoc
1156 739 1221 819 vel
1246 721 1468 828 marimum
1489 743 1887 860 pulcherrimumque'
1910 775 1932 830 a
1958 751 2042 860 Diis

675 852 832 938 donum
846 877 906 940 est
922 858 1155 940 hominibus
1173 887 1426 964 concessum,
1444 867 1640 983 quoniam
1662 895 1712 956 ex
1729 873 1814 986 ipsi
1831 900 1876 952 re
1898 872 2044 956 divinae

675 997 828 1063 nuturae
850 980 1031 1092 quodam
1048 982 1171 1064 modo
1189 985 1339 1074 similes
1356 985 1460 1081 fiunt
1477 1015 1487 1068 r
1504 988 1573 1067 Dii
1591 991 1702 1072 enirn

834 1177 837 1182 '
940 1148 1226 1249 correctioni,
1248 1173 1282 1237 οὐ
1300 1163 1417 1240 πίνουσ’
1436 1170 1551 1242 allona
1568 1167 1647 1242 οἶνὸν
1666 1157 1768 1278 (ιι).’,
1833 1212 1836 1222 ·

671 1319 987 1405 Siccentiebant
1001 1325 1042 1402 P.
1062 1326 1228 1427 Decius,
1246 1325 1303 1411 sic
1319 1327 1386 1408 Μ’.
1407 1327 1572 1432 Cu'rius,
1591 1334 1650 1411 sic
1667 1328 1878 1412 Fabricius
1896 1330 2042 1442 aliique

671 1439 914 1531 nobilissimi
932 1445 1027 1549 virt,
1043 1447 1115 1561 qui
1131 1445 1379 1554 judicabant,
1390 1481 1410 1529 c
1422 1450 1518 1531 Esse
1531 1449 1713 1564 profecto
1726 1449 1881 1562 aliquid
1901 1459 2042 1535 naturd

672 1562 890 1676 pulchrum
922 1583 1043 1676 atque
1061 1564 1064 1571 ’
1080 1568 1342 1677 preclarum,
1376 1571 1492 1681 quod
1524 1573 1598 1658 sut
1633 1589 1784 1684 spontc
1811 1591 2039 1683 peteretur,

538 1699 542 1707 '
670 1685 866 1800 quodque
894 1689 1026 1800 spreti
1049 1706 1090 1782 et
1115 1693 1318 1780 contemti
1345 1692 1551 1822 voluptate
1578 1695 1756 1818 optimus
1783 1697 1957 1816 qttisque
1979 1725 2039 1781 se·

670 1813 975 1930 tumul»

1251 1939 1475 2084 sun·
1573 2005 1575 2010 ·

675 2211 678 2217 ,
719 2133 875 2214 Verum
890 2150 1044 2239 tamen,
1063 2136 1157 2223 licet
1167 2136 1359 2246 Iuventus
1376 2137 1619 2249 libidinibus
1638 2135 1766 2246 mugb
1785 2139 1839 2232 sit
1862 2139 2037 2228 obnoxia

545 2337 552 2352 ,
665 2252 940 2367 libentiusque
951 2274 1087 2339 utetur
1097 2249 1390 2368 rolupmtibus‚
1408 2259 1615 2342 interdum
1627 2277 1762 2348 nmen
1777 2267 1887 2371 (cum
1900 2292 2037 2348 carum

665 2377 872 2460 blanditiis
892 2398 977 2462 non
1000 2380 1115 2462 facile
1138 2381 1344 2464 resistetur
1369 2409 1416 2466 ac
1436 2383 1603 2466 fortasse
1625 2386 1745 2467 etism
1768 2379 1964 2469 unturnlis
1984 2391 2035 2470 sit

665 2499 829 2582 illerum
865 2501 1048 2608 modus)
1081 2529 1146 2584 eas
1181 2503 1381 2614 simplices
1412 2522 1453 2586 et
1490 2505 1679 2599 honestes
1713 2533 1828 2590 senes
1867 2537 2035 2620 quoque

598 2613 603 2620 ’
664 2637 885 2723 coenum,
903 2641 946 2708 et
966 2643 1213 2739 quemquem
1234 2625 1507 2716 inmoderatis
1530 2627 1663 2745 epulis
1683 2647 1815 2718 areat
1834 2650 2035 2750 senectus,

710 2871 759 2962 (t)
781 2853 924 2948 Hom·
942 2871 1037 2942 Iliad.
1050 2873 1094 2942 V·
1107 2893 1156 2942 vs·
1177 2871 1254 2941 541.
1290 2877 1293 2884 '

710 3041 758 3134 (n)
779 3043 918 3116 sarcos
939 3043 990 3112 De
1013 3037 1183 3124 Beneficiis
1206 3044 1282 3113 Lib.
1306 3043 1381 3113 vn.
1401 3067 1474 3137 cap.
1494 3066 1527 3114 2.
1550 3067 1626 3138 pag·
1651 3043 1729 3114 568.
1753 3033 1927 3144 njtipsu
1950 3053 2030 3123 «bn

662 3162 710 3218 est
727 3151 878 3242 voluptas
895 3163 928 3229 et
942 3151 1076 3220 homini
1095 3163 1129 3221 et
1149 3151 1223 3220 viro
1246 3150 1347 3241 dignu
1366 3195 1378 3236 ‚
1398 3175 1469 3218 non
1485 3150 1628 3242 implere
1650 3173 1773 3246 corpus
1789 3199 1801 3240 ,
1822 3177 1883 3226 nec
1899 3157 2028 3248 sagina-

662 3277 719 3339 re,
739 3257 800 3323 nec
812 3255 1008 3346 cupiditates
1015 3241 1166 3343 irritare,
1181 3279 1328 3348 querum
1342 3255 1506 3326 tutissima
1518 3268 1565 3326 est
1577 3255 1670 3344 quies
1681 3277 1692 3341 3
1714 3257 1770 3326 ced
1783 3260 2028 3348 perturbatione

661 3383 772 3433 curere
790 3406 801 3445 ‚
819 3373 853 3431 et
868 3361 905 3430 ed
918 3370 994 3452 quie
1012 3361 1195 3434 hominnm
1212 3362 1301 3427 inter
1319 3379 1354 3424 se
1374 3359 1564 3430 rixantium
1583 3361 1729 3428 ambitus
1745 3364 1893 3430 concutit
1912 3409 1924 3452 ,
1941 3379 1974 3434 et
1992 3368 2027 3434 ci

660 3486 736 3559 qun
756 3466 973 3540 intolerabilis
992 3489 1038 3542 ex
1060 3468 1127 3537 alto
1146 3463 1270 3550 venit,
1295 3463 1348 3532 uti
1366 3464 1407 3531 de
1426 3463 1499 3536 Diis
1517 3461 1617 3540 somn
1637 3465 1803 3536 creditum
1821 3480 1869 3536 cst
1887 3513 1900 3554 ‚
1919 3459 2026 3540 titiis-

512 3645 518 3654 ,
659 3594 726 3664 que
749 3571 826 3644 illoc
842 3573 963 3648 nostris
981 3572 1229 3666 estimavimus·
1250 3569 1342 3642 lianc
1365 3569 1573 3662 voluptutem
1593 3571 1776 3659 equalem,
1797 3573 2026 3670 intrepidam,

659 3695 838 3766 nunquam
859 3669 1031 3750 recemum
1049 3676 1103 3744 sui
1126 3677 1265 3746 tedium
1284 3720 1296 3761 ,
1316 3674 1462 3766 percipit
1488 3675 1546 3744 hic
1568 3698 1672 3766 quem
1699 3675 1925 3748 deformamus
1947 3703 2026 3746 omn

660 3778 827 3856 manime:
841 3782 915 3873 qui,
926 3795 966 3850 ut
977 3783 1024 3851 ite
1033 3783 1160 3866 dium,
1173 3779 1281 3852 divini
1293 3780 1490 3868 inritatque
1505 3781 1649 3848 humani
1664 3780 1801 3870 peritur,
1810 3781 2026 3872 presentibus

661 3888 798 3974 gaudet,
810 3909 855 3954 ex
867 3885 985 3955 futuro
998 3911 1070 3956 non
1086 3888 1220 3978 pendet.
1234 3909 1252 3952 u
1265 3886 1542 3968 Mormonda,
1555 3886 1681 3952 Lettres
1693 3883 1855 3967 Pcrscnes,
1869 3886 1954 3950 Lett.
1969 3885 2024 3954 83.

598 4075 602 4081 .
665 4013 682 4052 t
694 3995 817 4079 Quand
826 4017 877 4060 un
888 3995 1027 4062 homme
1037 3993 1237 4079 nexamine,
1247 3993 1358 4081 quelle
1368 3989 1567 4058 satisfaction
1579 4009 1668 4080 pour
1677 3987 1730 4055 lui
1738 3989 1779 4055 de
1792 4001 1930 4058 trouver
1940 3993 2024 4080 qu'il

661 4095 828 4164 alcooeur
838 4099 941 4185 juste!
956 4097 1140 4190 Ceplttisir,
1150 4110 1225 4166 tout
1236 4100 1345 4166 severe
1355 4096 1440 4186 qu'il
1452 4107 1511 4179 est,
1520 4093 1591 4161 doit
1600 4095 1632 4162 le
1645 4092 1752 4179 ravir3
1766 4094 1794 4160 il
1807 4094 1876 4161 voit
1887 4117 1948 4162 son
1958 4097 2023 4165 due

659 4211 777 4269 autent
786 4203 951 4268 undecune
959 4206 1001 4272 de
1007 4227 1101 4273 ceux
1116 4205 1178 4293 qui
1196 4225 1238 4269 ne
1256 4202 1428 4290 l’ontpac,
1445 4199 1575 4286 qu'ilse
1593 4199 1664 4266 voit
1681 4199 1847 4268 undenus
1859 4200 1915 4266 des
1927 4201 2022 4290 tigres

661 4303 862 4372 etdcsourt.
875 4304 1356 4392 Oui,sij’enissirrdesuivre
1373 4303 1526 4388 tcujours
1537 4315 1620 4370 cette
1632 4301 1895 4393 ducite-querci
1907 4305 2021 4376 detaut
2096 4395 2098 4400 ,
2207 4287 2208 4304 ¹

661 4409 709 4475 lec
720 4430 835 4498 ycux,
846 4411 879 4496 je
888 4433 944 4481 me
956 4411 1092 4480 croircic
1100 4413 1133 4482 le
1142 4412 1290 4505 premier
1299 4413 1355 4481 des
1363 4401 1527 4478 hommes.
