4517 5867
644 584 712 655 108
1053 584 1211 658 FRANC.
1237 582 1326 654 JAC.
1350 582 1641 657 scnoLLAnnT

639 778 1093 887 drnr‘tduproprie‘tuire;
1103 785 1214 862 unde
1231 782 1335 862 clare
1350 799 1478 891 patet,
1488 782 1773 885 fructuarium,
1787 789 1856 894 qui
1864 817 1901 869 v.
1912 818 1951 895 g.
1968 793 2014 871 in

640 904 851 985 usufructu
876 929 951 981 suo
969 900 1179 1005 turbatur,
1198 930 1313 1009 posse
1330 901 1530 1009 judicium
1554 903 1861 1009 queribundum
1885 911 2016 991 inten-

641 1027 755 1123 dere,
765 1024 836 1103 sed
846 1024 923 1102 hoc
934 1022 1190 1103 solummodo
1204 1025 1247 1101 in
1263 1052 1338 1105 suo
1348 1024 1504 1127 favore,
1514 1041 1555 1104 et
1567 1028 1686 1106 unice
1694 1045 1744 1105 ut
1752 1050 2015 1113 conservetur

640 1148 717 1253 ipsi
753 1170 849 1225 suus
879 1142 1154 1247 ususfructus,
1183 1148 1239 1226 ita
1270 1163 1318 1227 ut
1343 1145 1567 1255 judicium,
1599 1148 1712 1258 quod
1744 1151 1810 1230 vel
1842 1154 1922 1261 ipsi
1951 1155 2015 1234 vei

641 1282 780 1347 contre
811 1268 943 1375 ipsum
967 1265 1185 1351 ferendum
1207 1285 1288 1367 est,
1317 1270 1369 1350 sit
1396 1288 1582 1379 respectu
1606 1274 1865 1380 proprietarii
1896 1273 2014 1357 fundi

641 1416 706 1470 res
724 1392 830 1471 inter
848 1391 947 1473 alios
962 1389 1141 1498 judicata
1159 1391 1175 1494 (
1201 1388 1227 1491 ).

696 1636 898 1717 Caeterum
923 1638 1099 1716 actiones
1119 1638 1374 1745 possessoriae
1392 1664 1478 1717 non
1505 1640 1638 1721 solum
1656 1656 1894 1747 competunt
1920 1668 2014 1748 pos·

642 1759 786 1835 sessori
807 1759 942 1837 animo
968 1756 1124 1839 domini
1144 1758 1216 1838 sed
1237 1776 1278 1838 et
1300 1757 1386 1866 ejus
1404 1760 1647 1859 haeredibus,
1673 1767 1829 1841 tametsi
1852 1790 2016 1870 posses·

642 1876 798 1957 sionem
827 1878 1012 1960 nondum
1036 1881 1274 1961 naturaliter
1301 1881 1664 1989 apprehenderint;
1689 1910 1800 1984 narn,
1823 1900 2016 1989 utsupra

641 1998 832 2098 vidimus,
852 2020 922 2081 art.
947 2004 1044 2109 724,
1065 2001 1246 2083 defuncti
1258 2006 1553 2111 possessionem
1562 2004 1815 2085 inhaeredem
1831 2005 2012 2085 derivari

641 2122 727 2197 sine
747 2120 833 2200 uilo
855 2120 957 2201 facto
978 2121 1081 2231 ejus,
1103 2122 1285 2204 decernit
1299 2126 1524 2207 secundum
1542 2126 1742 2231 vulgatam
1762 2127 1966 2231 regulam:
1979 2126 2016 2203 le

642 2258 746 2319 mort
777 2244 892 2321 sarsit
916 2246 952 2321 la
979 2246 1065 2347 φξβ,
1092 2272 1270 2355 eumque
1304 2245 1438 2356 quoad
1460 2246 1563 2353 juris
1589 2246 1736 2325 auxilia
1762 2264 1804 2325 et
1832 2246 2021 2323 actiones

641 2388 717 2467 pro
750 2390 976 2471 possessore
1007 2368 1180 2471 agnosci.
1216 2369 1499 2473 Quapropter,
1530 2369 1564 2444 si
1590 2366 1718 2445 haeres
1747 2366 2021 2474 prohibeatur

640 2487 891 2590 possessione
913 2486 1058 2565 domus
1078 2487 1142 2564 vel
1160 2485 1296 2583 fundi,
1311 2514 1434 2596 quem
1448 2485 1662 2564 defunctus
1672 2503 1856 2594 tempore
1871 2489 2022 2587 mortis

639 2604 884 2707 possederat,
896 2606 973 2682 hoc
987 2604 1167 2683 remedio
1182 2610 1477 2711 possessionem
1491 2610 1535 2683 in
1556 2633 1652 2683 eum
1670 2606 1895 2687 derivatam
1914 2637 2024 2689 recu·

640 2752 779 2831 perare
804 2728 964 2831 poterit.
988 2727 1040 2804 At
1061 2725 1272 2836 quaarimr,
1293 2726 1396 2833 quid
1416 2724 1638 2805 dicendum
1659 2744 1763 2806 esset
1780 2727 1832 2808 de
1852 2729 2024 2809 haerede

641 2844 865 2939 fructuarii,
880 2846 952 2943 qui
972 2836 1224 2940 possessione
1243 2840 1316 2914 sud
1336 2836 1529 2947 spoliatus
1554 2848 1751 2947 moritur,
1772 2877 1824 2928 an
1848 2876 2023 2959 compe·

547 2964 549 2973 '
642 2978 736 3051 tunt
764 2960 840 3067 ipsi
870 2959 1047 3035 actiones
1066 2957 1349 3061 possessoriaei'
1368 2962 1487 3035 Ratio
1511 2966 1727 3036 dubitandi
1751 2972 1942 3041 consistit
1972 2973 2018 3045 in

644 3112 708 3182 eo,
730 3079 843 3190 quod
861 3077 1130 3180 ususfructus,
1145 3104 1239 3155 cum
1258 3078 1310 3155 sit
1329 3075 1394 3183 jus
1412 3103 1523 3155 mere
1537 3079 1762 3184 personale,
1783 3084 2016 3189 exstingua-

642 3223 710 3283 tur
729 3218 860 3281 morte
880 3200 1110 3302 fructuarii,
1130 3226 1214 3308 quo
1235 3198 1296 3297 fit,
1316 3197 1428 3307 quod
1443 3201 1565 3299 actio,
1585 3225 1709 3309 quam
1731 3200 1946 3285 defunctus
1965 3208 2016 3287 ad

644 3321 957 3433 recuperandam
982 3322 1274 3431 possessionem
1296 3348 1409 3418 suam
1428 3320 1625 3425 habebat,
1638 3321 1826 3403 videatur
1846 3354 2012 3435 quoque

646 3448 856 3539 exstincta,
873 3438 967 3553 quae'
983 3442 1155 3551 proinde
1172 3443 1336 3522 videtur
1355 3441 1504 3521 haeredi
1524 3461 1756 3551 competere
1779 3474 1864 3525 non
1883 3476 2009 3554 posse.
2102 3431 2105 3440 ¹

645 3574 719 3647 His
730 3588 866 3646 tamen
885 3594 970 3646 non
991 3566 1244 3647 obstantibus
1263 3591 1350 3645 non
1369 3564 1620 3667 dubitamus,
1632 3568 1733 3675 quin
1742 3565 1847 3646 actio
1857 3596 2008 3675 posses·

646 3692 751 3771 soria
779 3704 983 3795 competet
1005 3686 1159 3767 haeredi
1189 3687 1417 3785 fructuarii,
1443 3689 1490 3766 eri
1515 3686 1668 3767 scilicet
1694 3690 1866 3781 ratione,
1892 3685 2006 3791 quod
2040 3681 2045 3689 ’

647 3813 886 3893 fructuarius
913 3835 1001 3889 eam
1021 3808 1072 3885 ad
1099 3836 1219 3889 suum
1237 3807 1438 3888 haeredem
1456 3812 1691 3910 transmisit,
1709 3806 1878 3885 habebat
1896 3807 2006 3885 enim
2088 3825 2095 3833 ·

648 3966 735 4016 earn
753 3936 796 4014 in
815 3960 889 4014 suo
906 3930 1166 4041 patrimonio,
1184 3929 1296 4038 quod
1312 3929 1394 4039 jam
1411 3958 1460 4010 eo
1476 3946 1635 4009 monuo
1652 3930 1855 4032 integrum
1876 3928 2005 4037 acqui·

648 4061 770 4142 situm
799 4072 858 4137 est
883 4082 957 4135 suo
987 4052 1152 4159 heredi,
1177 4056 1241 4133 cui
1264 4053 1436 4162 proinde
1461 4053 1580 4133 etiam
1604 4050 1797 4159 acquisita
1819 4066 1879 4130 est
1902 4048 2003 4127 actio

693 4341 743 4429 (r)
755 4340 920 4419 Porum,
935 4339 1097 4405 Contume
1112 4336 1292 4417 d’Orleann
1306 4332 1369 4403 Tit.
1384 4336 1498 4415 xxfl,
1520 4334 1612 4402 sect.
1630 4330 1666 4412 3,
1683 4340 1700 4410 ς
1721 4350 1750 4397 a.
