4517 5867
609 644 656 724 ιι
927 634 1145 709 sunnam
1168 634 1341 708 corun
1364 635 1650 709 uuonnssu

607 836 769 917 sionum
800 832 988 915 ellectum
1021 835 1066 912 in
1101 828 1358 940 absorptione
1393 832 1722 913 membranarum
1749 860 1984 919 serosarnm·

607 976 649 1036 et
676 973 808 1037 textus
835 953 1055 1053 cellularis,
1083 953 1311 1065 horumque
1339 952 1587 1035 exhalatione
1608 981 1730 1063 quarn
1758 955 1971 1039 evidentis·

601 1079 706 1157 sime
740 1075 926 1186 probant.

656 1251 836 1331 Nutritio
858 1249 1027 1333 afficitur
1049 1276 1215 1361 quoque
1236 1249 1288 1330 ab
1315 1251 1442 1331 animi
1468 1249 1783 1359 pathematibus,
1812 1252 1882 1331 sed
1904 1281 1970 1332 ac·
1999 1234 2007 1247 ’

604 1374 714 1453 tione
748 1371 1005 1453 solummodo
1043 1370 1320 1467 diuturniori,
1353 1389 1396 1448 et
1420 1388 1642 1477 protracta,
1664 1388 1878 1483 postquam
1908 1374 1970 1453 di-

603 1496 825 1596 gestionem
852 1509 892 1569 et
918 1490 1219 1571 circulationem
1245 1488 1483 1593 turbarunt,
1505 1518 1530 1571 a
1550 1520 1724 1599 quarum
1746 1497 1968 1600 integritate

602 1613 772 1695 nutritio
795 1609 955 1719 pendet

655 1810 866 1911 Tandem,
900 1810 1024 1893 animi
1055 1806 1273 1890 affectuum
1310 1812 1413 1890 actio
1443 1806 1488 1890 in
1515 1838 1663 1910 organa
1698 1810 1967 1910 generationis

602 1931 787 2043 adaequat
809 1960 920 2043 eam,
943 1958 1066 2037 quam
1086 1944 1258 2006 exerunt
1280 1930 1325 2005 in
1343 1952 1490 2033 corpus
1513 1928 1558 2004 in
1581 1951 1738 2031 genere.
1763 1927 1879 2006 Grati
1905 1957 1969 2008 or·
1999 1966 2002 1972 ·
2027 2021 2030 2028 .

598 2056 712 2157 ganis
733 2048 973 2155 genitalibus
996 2050 1291 2127 incrementum
1316 2046 1432 2147 dant,
1458 2050 1580 2127 vitam
1603 2075 1747 2129 corum
1769 2048 1964 2154 exaltant,

598 2188 639 2251 et
665 2171 716 2251 ad
736 2197 926 2251 venerem
950 2197 998 2249 ea
1022 2172 1216 2269 excitant3
1244 2168 1322 2255 sub
1348 2172 1533 2278 ingratis,
1551 2171 1707 2251 inertiae
1718 2163 1851 2251 'totius
1875 2199 1965 2251 cor-

597 2294 709 2399 poris
739 2294 941 2373 consortia
971 2308 1076 2377 sunt.

649 2484 826 2567 Allectus
845 2486 982 2565 matris
1006 2486 1051 2565 in
1071 2484 1434 2564 conformationem
1461 2499 1502 2563 et
1525 2485 1739 2565 sanintem
1761 2447 1919 2563 loenu
1906 2510 1965 2563 rn-

595 2602 742 2709 fluere,
760 2605 942 2715 quotidie
960 2606 1271 2711 comprobatum
1294 2604 1429 2681 minus
1448 2602 1625 2692 arduum
1642 2602 1805 2683 esthon
1815 2603 1961 2704 expla-

594 2746 713 2819 nare,
734 2730 858 2829 quam
875 2724 1117 2805 morborum
1132 2700 1481 2793 numulariorum
1502 2740 1637 2793 musas
1659 2730 1845 2798 statuere.

647 2908 786 2991 Multis
803 2904 977 3003 morbis,
997 2904 1147 2985 losioni
1167 2901 1426 2985 functionum
1445 2904 1593 2983 horum
1623 2871 1870 3011 organorum
1886 2910 1959 2987 tri·
2003 2947 2008 2958 ·

594 3028 788 3126 buendis,
811 3028 907 3109 dant
925 3026 1155 3107 ocasionem
1172 3040 1213 3113 et
1232 3041 1328 3103 sunt
1341 3025 1595 3131 potissimum
1608 3028 1653 3105 in
1666 3028 1851 3105 bomine:
1863 3058 1958 3108 ana-

593 3146 819 3256 phrodisia,
838 3149 1059 3255 satyriasis,
1081 3144 1341 3255 priapismus3
1362 3148 1407 3226 in
1426 3146 1602 3226 femina·
1625 3145 1817 3255 hysteria,
1839 3176 1959 3255 nym-
2062 3130 2068 3142 ’

594 3268 830 3376 phomania,
847 3268 1150 3389 menorrbngia,
1174 3265 1460 3367 amenorrbea,
1478 3268 1742 3373 leucorrhea,
1769 3268 1956 3405 abortus,

447 3442 452 3447 -
593 3391 823 3502 suppressio
852 3380 1102 3493 loeblomni,
1123 3388 1250 3493 lactis,
1274 3390 1523 3497 peritonitis,
1540 3407 1613 3470 etc.
1741 3458 1749 3465 .

648 3562 824 3645 Effectus
849 3565 1082 3675 passionum
1111 3565 1157 3644 in
1181 3588 1329 3671 corpus
1352 3564 1578 3645 humanum
1608 3592 1659 3646 eo
1688 3567 1891 3673 graviores
1915 3582 1957 3643 et

594 3687 774 3799 periculo
793 3688 1033 3793 magissunt
1051 3686 1207 3793 stipati,
1220 3710 1306 3794 quo
1329 3685 1514 3771 fortiores
1533 3705 1574 3767 et
1591 3686 1854 3768 durabiliores
1868 3686 1952 3762 istae

594 3816 707 3905 sunt,
728 3830 813 3915 quo
830 3811 958 3909 magis
976 3810 1019 3881 in
1038 3806 1267 3910 subjectum
1285 3804 1420 3888 debile
1437 3825 1579 3913 agunt,
1597 3834 1681 3915 quo
1698 3804 1875 3883 celerior¹
1890 3818 1954 3881 est

594 3927 786 4007 nausitm
805 3926 927 4007 unius
946 3922 1109 4007 affectus
1134 3925 1179 4004 in
1203 3918 1394 4029 alterum,
1415 3946 1456 4010 et
1482 3955 1565 4038 quo
1586 3927 1713 4033 magis
1733 3951 1785 4007 ex
1802 3924 1952 4030 impro-

594 4050 681 4129 viso
709 4046 868 4127 lerinam
989 4091 991 4097 ν

646 4218 873 4323 Fortiores,
890 4244 982 4331 qum
1002 4216 1171 4301 modum
1192 4215 1392 4299 excedunt
1413 4242 1561 4297 nocere
1588 4215 1852 4323 explicatione
1867 4241 1953 4296 non

595 4354 694 4447 eget.
727 4342 939 4429 Diuturnae
966 4340 1081 4423 valde
1116 4342 1246 4448 noxiae
1274 4338 1396 4423 etiam
1426 4356 1542 4436 sunt3
1575 4354 1815 4443 gravescunt
1844 4338 1953 4417 enim

594 4462 672 4543 nisi
690 4460 924 4545 exhalentur
934 4522 947 4568 ,
959 4462 1029 4545 sed
1052 4460 1296 4570 colligrmtur
1312 4476 1355 4541 et
1372 4476 1685 4571 concoquuntur
1702 4460 1748 4540 in
1766 4484 1949 4569 corpore,
