4517 5867
648 551 671 621 a
997 499 1229 606 annulum
1252 527 1316 600 nn
1339 476 1473 599 satur
1496 517 1678 593 uotum
1828 609 1832 616 ‚

700 742 749 820 In
780 735 859 817 teli
885 727 1074 813 celluload
1107 724 1372 804 inveniuntur
1400 713 1641 822 corpuscula
1671 705 1874 806 munda,
1904 674 2033 788 modo

649 862 822 942 omnino
833 849 1055 965 pellucida,
1071 843 1197 926 modo
1215 835 1533 950 acmipcllucida,
1553 836 1666 916 mim
1678 830 1909 930 tenuitatis,
1936 853 2030 938 quoe

649 984 802 1063 variant
820 1003 896 1086 pro
909 972 1058 1082 plantis
1070 985 1111 1047 et
1125 963 1374 1075 quandoque
1387 961 1431 1038 in
1449 954 1590 1038 eidem
1603 952 1748 1062 planu.
1765 951 1865 1031 Tria
1877 972 2030 1056 genera

518 1181 521 1188 ,
649 1105 798 1184 horum
814 1096 1078 1206 globulorum
1098 1088 1413 1194 distinguuntur.

703 1287 827 1370 Primi
849 1279 1025 1392 globuli,
1042 1275 1167 1384 vulgo
1179 1273 1375 1372 minores,
1388 1283 1484 1349 aunt
1495 1289 1667 1374 corpora
1680 1254 1875 1358 rotanda,
1894 1253 2029 1336 admo·

652 1411 751 1492 dum
769 1401 991 1518 pellucida,
1012 1399 1154 1480 formae
1176 1395 1269 1505 plna
1293 1393 1478 1473 minum
1497 1385 1713 1495 regularia,
1729 1405 1823 1494 quae
1838 1403 1925 1460 nou
1948 1376 2028 1455 nisi

650 1535 695 1610 in
715 1525 952 1609 caritatibus
975 1519 1234 1618 cellularum,
1254 1513 1478 1626 pamm
1500 1509 1727 1619 phanaum
1747 1503 1959 1612 juniorum
1985 1510 2029 1574 et

651 1647 1006 1759 cotyledonearum
1018 1641 1176 1744 adsunt.
1187 1641 1242 1722 Hi
1256 1636 1411 1750 globuli
1429 1633 1564 1716 laecnla
1578 1646 1775 1713 vocantur
1787 1641 1829 1704 et
1845 1619 2029 1728 amylum

655 1771 916 1854 constituunt

706 1956 882 2036 Secundi
905 1953 1059 2061 globuli
1086 1955 1264 2032 minores
1285 1969 1327 2028 ct
1350 1949 1477 2054 magis
1502 1941 1761 2047 irregulares,
1786 1960 1892 2045 quos
1921 1926 2029 2009 Link
2101 1925 2105 1930 ’

516 2127 535 2148 »
652 2079 863 2156 materiam
887 2075 1136 2154 colorantem
1163 2073 1383 2150 resinosam
1411 2079 1640 2169 nuncupat,
1669 2059 1842 2167 parietes
1867 2050 2032 2132 cellula-

652 2221 746 2273 rum
771 2194 980 2274 inducunt.
1004 2194 1100 2270 Haec
1121 2190 1290 2268 materia
1312 2186 1454 2265 viridis
1475 2184 1705 2290 plantarum
1726 2178 1911 2258 colorem
1935 2173 2032 2268 riri·

656 2314 750 2394 dem
771 2329 968 2394 causatur.

666 2591 669 2599 ¹
707 2501 836 2579 Tertii
855 2497 1011 2604 globuli
1031 2521 1203 2604 corpora
1220 2509 1317 2573 aunt
1335 2489 1530 2587 rotunde,
1549 2485 1769 2567 admodum
1786 2486 1950 2584 tenuia,
1969 2481 2034 2562 di·

654 2622 757 2701 verai
783 2621 929 2701 coloris
950 2621 996 2700 in
1019 2617 1189 2698 diversis
1212 2615 1380 2722 plantis,
1408 2614 1453 2689 in
1479 2633 1602 2690 aucco
1632 2609 1802 2715 proprio
1825 2621 2036 2684 meatuum

654 2741 1011 2823 intercellularium
1030 2754 1073 2820 et
1089 2762 1280 2818 vatorum
1297 2732 1581 2842 propriorum
1604 2727 1849 2808 cellurarum
1877 2723 2034 2802 futura-

656 2883 749 2938 rum
766 2861 1065 2935 videntur-esse
1073 2857 1369 2925 rudimentum.

709 3045 743 3122 Ε
761 3041 843 3120 tell
863 3031 1052 3116 celluloal
1068 3053 1155 3110 non
1166 3051 1315 3107 omnes
1331 3023 1501 3137 φιὶὼω
1513 3023 1586 3104 ced
1596 3037 1734 3104 tuen
1748 3023 1939 3130 plurima
1948 3051 2035 3133 par.

657 3181 718 3244 tes
733 3161 879 3268 plantae
900 3155 1139 3234 formantur.
1162 3147 1262 3230 Tela
1281 3145 1470 3227 cettutoaa
1485 3161 1657 3226 vocatu
1675 3145 1975 3252 Parenebyma,
2000 3146 2035 3228 ai

660 3280 891 3362 succulenta
908 3272 1155 3387 liquidisque
1171 3269 1361 3355 coloratis
1376 3295 1426 3347 ac
1445 3268 1621 3374 propriis
1636 3267 1788 3374 repleta
1802 3284 1881 3346 est.
1899 3267 1949 3346 ln
1967 3292 2037 3348 au*-

657 3399 819 3508 perficie
836 3399 1103 3507 plurimarum
1120 3392 1348 3501 plantarum
1365 3389 1446 3470 tela
1465 3389 1654 3468 cellulosa
1676 3390 1890 3468 constituit
1908 3390 2032 3468 corti,

660 3547 747 3602 cem
760 3537 802 3600 et
814 3522 859 3600 in
880 3543 1018 3598 carum
1035 3513 1171 3596 medio
1189 3510 1419 3593 medullam.
1441 3511 1685 3592 Continetur
1704 3510 1826 3589 etiam
1844 3511 1891 3589 in
1910 3511 2031 3613 loliis,

658 3639 866 3722 abstractis
885 3641 1000 3720 venis
1019 3655 1060 3717 et
1078 3634 1224 3717 nervis.
1242 3635 1416 3714 Maxima
1434 3659 1526 3740 para
1544 3630 1750 3739 fructuum
1767 3656 2030 3711 carnosorum

658 3781 701 3844 et
717 3761 968 3870 lignoeorum
984 3787 1008 3839 e
1025 3757 1105 3838 telt
1124 3753 1313 3836 cenulost
1330 3769 1524 3834 constant.
1702 3743 1711 3748 ”

710 3930 809 4010 Tela
830 3929 1021 4012 celluloea
1045 3924 1181 4008 evadit
1201 3925 1442 4030 composita,
1467 3923 1504 4002 ei
1531 3920 1692 4002 cellulas
1716 3919 1863 3999 format
1882 3920 2028 4021 adnm,

658 4048 770 4131 verbi
791 4052 937 4154 gratia,
954 4052 998 4131 in
1018 4046 1194 4130 medulld
1211 4045 1402 4124 sambuci.

712 4213 812 4294 Tela
828 4217 1015 4298 cellulosa
1031 4242 1172 4298 succos
1189 4241 1275 4294 non
1292 4240 1451 4292 eorsum
1469 4213 1568 4316 agit,
1586 4212 1762 4318 exceptis
1778 4153 2021 4296 tamentati—
2066 4217 2071 4226 '

658 4341 735 4416 mis
753 4335 913 4440 plantis,
932 4339 1006 4415 ubi
1027 4336 1139 4416 nulla
1154 4335 1229 4414 alia
1243 4335 1373 4412 forma
1387 4336 1603 4444 conspicua
1615 4350 1684 4412 est.
1704 4333 1810 4414 Cum
1823 4360 1921 4414 vero
1940 4359 2020 4414 uuo·
