4517 5867
478 535 724 649 nusronsro
747 573 811 644 an
836 554 1445 664 Quasncnnr‘r‘nor'amciu
1601 572 1652 652 ss

281 766 411 853 autom
429 769 644 854 herbarum
662 769 747 848 solo
762 747 977 870 'viciniora3
996 784 1035 849 et
1053 767 1095 846 in
1113 766 1380 875 atmosphzri
1397 769 1562 854 tumidi
1580 770 1652 850 im.

280 918 421 996 mersa,
434 891 705 1012 indifferenter
718 891 908 972 hauriunt
921 889 1179 972 nutritionem
1192 893 1271 969 uni
1284 889 1650 1002 autalteripagini.

330 1083 445 1172 Folia
476 1109 585 1191 seque
620 1110 665 1164 ac
698 1080 782 1166 aliu
811 1096 949 1190 partes
984 1079 1155 1182 virides,
1172 1071 1420 1191 impulsione
1446 1077 1650 1164 radiorum
1732 1124 1737 1134 ·

279 1205 471 1284 solarium
498 1197 702 1311 subjectio,
719 1202 1067 1313 gascarbonicum
1090 1203 1406 1311 docompouuut‚
1425 1200 1573 1312 quoda
1592 1231 1651 1284 ra·

279 1325 434 1410 dinibus
454 1326 651 1434 accipiunt
669 1342 744 1432 aut
757 1326 1031 1436 utmosphaerae
1047 1323 1255 1427 auferunt,
1277 1354 1393 1406 omuo
1416 1321 1649 1408 carbonium

277 1447 448 1528 retinent
471 1462 511 1526 ot
538 1446 830 1556 propemodum
863 1476 980 1538 omne
999 1447 1243 1558 oxygonium
1263 1441 1475 1558 expellunt.
1494 1447 1661 1534 Lumen.

275 1569 384 1682 quod
409 1568 452 1654 in
477 1569 631 1679 plantas
659 1569 819 1672 incidit,
846 1569 1037 1658 affinitate
1064 1571 1138 1654 sui
1164 1600 1258 1662 cum
1284 1569 1481 1688 oxygonio
1504 1571 1547 1648 in
1577 1571 1653 1677 gae
1719 1620 1723 1626 ·

275 1689 428 1772 reducit
449 1693 693 1806 oxygonium
709 1694 814 1776 acidi
831 1695 1048 1800 carosomi,
1066 1711 1106 1776 et
1118 1695 1252 1806 ipsum
1273 1693 1408 1781 lumen
1420 1693 1464 1774 in
1477 1689 1650 1772 calorem

255 1811 454 1918 scrutur.
486 1817 593 1896 Tum
622 1813 855 1896 corbonium
886 1817 990 1928 gosis
1016 1816 1118 1899 acidi
1148 1815 1408 1925 decompositi
1442 1809 1648 1893 elementis

274 1960 387 2044 squae
414 1934 664 2046 adjungitur,
691 1954 842 2030 etcum
868 1937 918 2028 iio
952 1922 1099 2032 sorsat,
1121 1939 1306 2069 iignum,
1341 1936 1514 2036 rosinae,
1540 1933 1649 2038 olea,
1699 1960 1702 1968 ·

274 2057 481 2146 materiam
513 2058 705 2162 viridem,
729 2077 769 2152 et
797 2057 894 2142 aias
930 2057 1174 2144 substantias
1209 2056 1527 2154 combustibilem
1555 2053 1649 2136 indo

273 2175 340 2260 hic
356 2179 469 2292 vigor
488 2207 608 2293 quem
620 2181 764 2290 plantae
779 2182 992 2290 acquirunt
1008 2181 1151 2274 lumini
1165 2183 1314 2272 directo
1332 2179 1428 2288 solis
1446 2177 1646 2288 exposite,

273 2291 401 2374 Aliter
418 2317 461 2372 sc
476 2300 626 2373 habent
639 2302 958 2406 phoenomenajn
975 2304 1227 2410 obscuritate.
1239 2303 1380 2397 Folia,
1397 2303 1484 2373 loco
1504 2319 1647 2406 oxygo-

273 2414 388 2496 nium
408 2413 638 2515 exhalandi,
658 2411 788 2496 adhuc
805 2405 1077 2526 atmosphaerae
1094 2415 1310 2532 arripiunt,
1330 2413 1437 2525 quod
1460 2418 1647 2524 supplent

271 2535 478 2622 volumino
500 2537 642 2645 equali
662 2538 770 2646 gosis
789 2538 1063 2630 carbonici.1n
1084 2539 1149 2621 his
1166 2535 1473 2620 circumstantiis
1492 2564 1644 2646 compo

270 2659 347 2742 sita
371 2658 598 2748 saccharum
617 2659 913 2770 producuntur,
933 2677 973 2744 et
991 2659 1225 2772 vegetabilia
1249 2659 1378 2771 magis
1408 2659 1643 2773 elongantur

271 2809 393 2892 quam
414 2781 633 2866 firmantur.
653 2781 821 2874 Constat
839 2799 971 2880 tamon
995 2784 1037 2866 in
1056 2783 1133 2872 hoc
1150 2811 1245 2876 casn
1264 2779 1358 2862 folia
1381 2809 1450 2890 gas
1469 2778 1642 2861 carboni·

269 2933 363 2980 cum
390 2904 696 3006 defflmponere,
714 2905 784 2996 sed
805 2933 887 2996 non
912 2905 1136 3016 quantitate¹
1151 2903 1368 3012 sufficienti
1388 2929 1461 3006 pro
1485 2918 1642 3011 vegeta-

269 3018 392 3102 tionis
415 3013 565 3099 usibue.
805 3026 812 3033 '
959 3021 966 3028 '

324 3191 433 3268 Dum
454 3188 524 3266 oiir
543 3202 604 3266 ost
620 3184 771 3286 siccus,
791 3181 884 3263 folia
904 3181 981 3292 ipsi
998 3199 1154 3292 partem
1176 3181 1391 3264 fluidorum
1409 3211 1496 3294 quae
1514 3188 1639 3270 conti.

247 3329 391 3415 nont,
415 3309 584 3413 cedunt,
610 3325 650 3389 ot
679 3305 936 3418 transpiratio
954 3306 1045 3417 plus
1072 3305 1258 3389 minusue
1275 3302 1481 3387 mundans
1507 3309 1639 3392 locum

275 3436 403 3518 habet.

289 3603 291 3607 ’
325 3605 544 3688 Accedente
560 3628 675 3704 vore,
702 3619 793 3681 anto
820 3601 1061 3683 foliationem
1087 3629 1182 3684 vasa
1203 3601 1371 3689 humore
1390 3600 1640 3704 obruuntur,

272 3741 313 3806 ot
333 3725 488 3834 primus
498 3724 616 3838 hujus
629 3723 742 3805 fluidi
760 3724 941 3806 nutritivi
959 3724 1072 3812 nisus
1085 3753 1260 3836 gemmas
1278 3725 1639 3836 explicatetramos

273 3849 446 3958 elongat3
466 3875 544 3960 quo
560 3865 738 3956 temporo
749 3845 979 3956 vegetabilis
990 3847 1168 3933 nondum
1180 3849 1542 3934 incrassitudinom
1560 3875 1638 3930 cre-
1669 3873 1675 3884 ’

274 3987 410 4072 scunt,
436 3969 507 4050 sed
534 3969 631 4050 dum
655 3968 749 4050 folia
775 3968 1043 4078 explicantur,¹
1069 3970 1263 4090 elongatio
1285 3997 1490 4050 ramorum
1512 3972 1639 4075 sistit,

274 4109 315 4172 et
333 4109 497 4173 truncus
516 4093 678 4204 ejusque
696 4091 999 4178 ramificationes
1017 4119 1236 4176 accrescere
1254 4093 1457 4202 incipiunt.

328 4279 423 4359 Flos
433 4297 593 4387 estpars
610 4280 744 4360 localis
757 4298 797 4362 ot
811 4280 1036 4362 transitorio
1050 4280 1195 4390 plantae
1206 4271 1639 4390 quoefoeoundationom

277 4400 465 4515 germinis
482 4400 690 4511 praecedit3
709 4420 749 4488 et
764 4405 808 4487 in
824 4403 903 4514 qui
915 4408 1068 4516 sut'por
1086 4431 1207 4517 quam
1225 4399 1404 4488 officitur.
1423 4406 1560 4487 Floros
1578 4429 1637 4486 or·

426 4546 488 4615 ιιι.
857 4613 860 4634 ,Ν
1438 4551 1465 4636 ι,
1536 4576 1541 4586 ·
