4517 5867
667 586 715 631 ro
887 583 889 589 ’
941 565 1154 637 JOANNIS
1177 566 1494 637 submotum
1517 562 1776 637 SENTELET

648 866 652 874 ,
717 775 757 852 Si
777 773 855 880 jam
878 772 1035 889 pridem
1052 776 1315 883 typographia
1334 777 1435 854 mira
1452 774 1653 855 eeleritate
1671 775 1914 883 multiplicat
1929 778 2031 865 litto'-¹
2122 826 2125 832 ·

664 922 800 974 rerum
824 898 978 1003 copias,
1002 922 1139 975 nonne
1157 895 1300 1004 majori
1324 897 1471 976 nostris
1491 895 1638 975 diebus
1658 895 1928 1007 lithographia
1944 900 2027 984 dis-
2105 1001 2109 1007 ⁴
2237 929 2238 992 ξ

668 1022 839 1097 seminat
858 1018 1082 1123 elligierum
1099 1035 1141 1098 et
1159 1020 1434 1099 ceelatumrum
1454 1017 1727 1127 exemplaria?

714 1222 779 1301 Ab
800 1220 949 1302 ultimae
973 1224 1178 1309 memoriae
1194 1224 1446 1334 temporibus
1465 1224 1516 1304 ad
1538 1240 1673 1304 nostru
1689 1250 1818 1337 usque
1836 1225 1939 1337 aqu'a
1956 1256 2021 1309 re-

661 1341 876 1447 putabatur
893 1345 1137 1426 elementum
1152 1348 1490 1457 simplicissimum
1508 1375 1519 1445 3
1537 1372 1669 1455 nuper
1677 1346 1890 1454 'stupentes
1907 1346 2021 1431 ride-‘

658 1462 803 1550 bamus
829 1466 939 1546 illam
967 1464 1228 1577 decomponi3
1252 1468 1333 1577 jam
1358 1469 1497 1551 ourlos
1523 1469 2022 1579 feritpo'rtentummrgis

659 1584 960 1687 admirandum,
980 1588 1164 1669 ridemus
1183 1590 1306 1670 urbes
1321 1605 1363 1671 et
1383 1590 1593 1672 conclavia
1605 1589 1875 1699 splendidius,
1895 1620 2023 1701 quant

658 1704 737 1785 alio
755 1711 902 1818 quovis
918 1710 1075 1822 medio,
1090 1711 1331 1816 illuminari,
1345 1740 1492 1825 aquam
1510 1712 1802 1822 omnponeudo.
1945 1823 1954 1832 ·

705 1910 800 1994 Non
820 1932 935 2001 vacat
946 1944 1258 2005 commemorare
1271 1920 1323 2003 de
1341 1901 1519 2009 centenis
1535 1944 1620 2024 non
1632 1918 1766 2023 minus
1787 1918 1958 2026 egregiis
1977 1937 2022 2002 et

653 2031 913 2137 salutaribus,
932 2064 1023 2147 quaa
1040 2039 1158 2119 offert
1178 2042 1369 2149 qualibet
1387 2042 1599 2149 disciplina
1618 2038 1837 2140 naturalis,
1853 2056 1894 2119 et
1912 2034 2024 2157 prae-j.

650 2157 788 2235 sertim
809 2157 1046 2263 amplificata
1068 2158 1231 2240 chemiae
1248 2159 1445 2256 conditio,
1468 2188 1559 2271 qure
1573 2178 1791 2267 ,parentum
1813 2178 1924 2241 aetate
1942 2151 2023 2265 iix,

648 2273 725 2349 nisi
746 2277 911 2373 nomine
931 2294 1043 2374 nota,
1062 2281 1253 2357 omnibus
1272 2278 1355 2357 sere
1378 2280 1531 2357 artibus
1553 2281 1738 2387 copiosos
1757 2278 1838 2387 jam
1860 2278 2013 2359 fructus
2049 2329 2053 2335 ·

649 2389 815 2496 largitur
828 2392 1118 2507 uberioresque
1139 2398 1184 2475 in
1202 2415 1411 2511 posterum
1424 2397 1649 2507 pollicetur,
1667 2416 1709 2480 et
1719 2426 1810 2509 quoe
1823 2401 1867 2479 in
1880 2417 2022 2511 nostru

650 2513 769 2615 etiarn
788 2512 922 2608 schola
939 2510 1027 2602 sese
1043 2516 1236 2624 expandit
1251 2537 1293 2599 et
1313 2520 1531 2626 perficitur.

698 2714 818 2795 Enim
837 2745 935 2797 vero
951 2746 1075 2830 quem
1093 2721 1137 2799 in
1153 2718 1276 2800 finem
1295 2720 1462 2801 historia
1482 2716 1670 2801 naturalis
1687 2712 1888 2826 congerit5
1906 2726 2010 2804 etin

644 2834 784 2916 classes
802 2839 963 2946 redigit,
983 2868 1073 2949 quae
1091 2868 1260 2955 regnum
1280 2842 1451 2921 animale
1472 2832 1628 2923 infinita
1646 2836 1841 2921 varietate·
1855 2844 2019 2923 submi-‘

643 2956 807 3050 rristrut;
827 2982 918 3061 quae
937 2960 1057 3035 tellus
1072 2959 1196 3039 divite
1215 2964 1369 3060 gremio
1387 2962 1514 3055 foret,
1531 2957 1611 3039 sub
1630 2986 1894 3069 mecumque
1910 2965 2007 3044 caelo

642 3076 689 3151 iu
708 3078 853 3181 quovis
871 3076 958 3153 solo
976 3091 1212 3155 enascantur
1228 3092 1270 3155 et
1282 3078 1527 3175 nutriculum
1545 3104 1639 3187 quae
1655 3080 1878 3162 musmo
1890 3112 2019 3165 oreae

642 3195 845 3291 nussim,
864 3222 955 3303 quse
967 3198 1120 3278 intimis
1138 3214 1245 3276 terra
1258 3198 1480 3279 visceribus
1499 3197 1798 3308 complectitur?
1817 3229 1942 3311 quern
1959 3210 2009 3287 in

641 3312 764 3393 finem
793 3330 1064 3428 quaecumquae
1091 3316 1261 3399 historia
1285 3320 1480 3399 marrolis
1508 3322 1767 3429 suppeditat,
1802 3322 2019 3407 chemicus:

642 3440 776 3517 omnia
799 3463 941 3541 severo
961 3440 1134 3517 examini
1157 3440 1617 3549 submittinmultiplici
1636 3443 1702 3523 via
1721 3440 2017 3551 ἀσκοιιιρῡιιὶιἰ

640 3574 683 3636 et
709 3547 894 3639 omnium
922 3560 1095 3637 visuras
1118 3564 1415 3667 perscrutatur?
1443 3590 1567 3673 quem
1591 3565 1637 3645 in
1662 3557 1786 3645 mem
1811 3564 2017 3670 physicus·

638 3678 817 3761 amirersi
838 3676 1100 3784 phaenomena
1123 3683 1311 3764 observat
1331 3700 1373 3764 et
1392 3686 1621 3784 aemulumr3
1644 3711 1693 3766 ex
1712 3686 1813 3791 ipsis
1834 3685 2001 3792 pluequ
2012 3743 2015 3752 .

637 3801 767 3877 menis
788 3824 928 3878 eruere
950 3798 1093 3876 nitiou
1114 3802 1382 3885 immutabiles
1404 3807 1532 3911 leges,
1554 3804 1706 3916 quibus
1728 3832 1911 3888 summus
1931 3834 1998 3887 ar·

637 3902 744 3981 biter
766 3929 831 3983 res
853 3928 995 3987 omnes
1013 3902 1205 4009 subjecit?
1229 3938 1310 4014 qua
1333 3914 1487 3991 ratione
1509 3911 1595 4015 dies
1618 3929 1660 3992 et
1681 3914 1778 3992 anni
1802 3912 1907 3987 inse
1931 3938 1997 3988 re·

636 4023 867 4121 volvantur3
889 4051 970 4134 qua
988 4023 1145 4104 ratione
1167 4042 1308 4105 natura
1326 4048 1546 4135 numquam
1565 4027 1776 4136 quiescens
1795 4054 1997 4136 nusquam

636 4142 809 4243 aberret,
827 4161 867 4225 et
883 4172 1041 4257 semper
1059 4146 1137 4227 sibi
1156 4149 1336 4227 constet?
1352 4174 1432 4257 qua
1451 4150 1605 4228 ratione
1624 4149 1666 4227 in
1685 4148 1993 4255 incomprehen-

634 4264 742 4346 sibili
762 4292 897 4345 rerum
908 4266 1182 4371 abundantia,
1206 4270 1516 4348 commutatione
1534 4287 1576 4348 et
1591 4271 1838 4349 successione
1855 4284 2015 4374 perere-1·

626 4402 703 4467 net
731 4384 1024 4494 pulcherrimus
1052 4392 1235 4470 omnium
1268 4408 1483 4471 concentus
1513 4408 1554 4471 et
1572 4389 1822 4472 'inviolabilis
1850 4388 1950 4471 ordo
1971 4393 2011 4470 l·
