4517 5867
363 389 739 472 connrnrrarro
753 385 831 468 'an
851 391 1199 486 Quasrronau
1221 347 1573 470 narnnrnran
1596 397 1665 493 ¹9⁸

296 580 407 659 enim
424 573 614 655 omnibus
627 573 751 654 iidem
769 573 829 656 illl
842 576 1042 682 sapientes
1055 575 1238 656 arbitrati
1253 591 1349 658 aunt
1362 575 1554 657 eumdem
1566 591 1661 656 curo

294 722 384 778 aum
400 699 446 778 in
464 696 611 778 eoelum
630 697 904 805 patere.·Nam
922 698 1030 777 vitiia
1048 715 1091 778 et
1107 697 1326 781 sceleribus
1345 699 1661 800 contaminatos,
1710 703 1714 710 ’

294 818 468 926 deprimi
487 821 532 898 in
551 818 752 921 tenebras,
772 835 894 928 atque
913 819 958 897 in
976 843 1094 900 coeno
1109 815 1240 926 jacere
1260 820 1488 902 docuerunt·
1501 846 1516 898 a
1529 835 1660 899 caatoa

291 951 431 1022 autem
442 941 615 1039 animos,
631 967 774 1049 puros,
791 941 984 1044 integros,
1004 939 1284 1049 incorruptos,
1301 939 1423 1021 bonis
1435 941 1556 1022 etiam
1570 955 1659 1019 atn-

292 1059 371 1142 diia
396 1079 519 1171 atque
543 1062 697 1143 artibus
721 1060 940 1169 expolitos,
966 1058 1048 1140 leni
1070 1061 1249 1171 quodam
1268 1087 1315 1141 ac
1336 1059 1442 1140 facili
1462 1061 1577 1168 lapan
1603 1059 1658 1140 ad

292 1179 412 1288 deos,
430 1185 472 1268 id
496 1201 577 1286 eat,
597 1182 648 1266 ad
666 1201 850 1268 naturam
870 1184 934 1262 aui
954 1183 1126 1264 similem
1146 1182 1398 1292 pervolare:
1419 1181 1573 1265 Similia
1595 1180 1658 1260 le·

290 1323 444 1412 guntur
463 1305 601 1415 paullo
623 1307 833 1412 superius:
852 1305 990 1384 «Nam
1016 1306 1049 1385 si
1073 1306 1178 1416 quid
1200 1307 1245 1385 in
1271 1305 1486 1384 hominum
1507 1301 1651 1382 animia

288 1427 468 1534 pietatis,
488 1429 523 1505 si
548 1425 649 1535 quid
670 1424 876 1532 religionis
898 1427 1040 1528 inerit,
1059 1443 1168 1507 certe
1189 1426 1247 1507 ob
1272 1425 1375 1513 banc
1398 1423 1656 1532 potissimum

288 1571 464 1630 massam
480 1573 524 1627 se
542 1575 566 1627 a
586 1545 747 1652 flagitiis
761 1572 809 1626 ao
827 1545 1073 1650 facinoribus
1090 1546 1363 1648 abstinebant,
1378 1541 1492 1655 quod
1504 1543 1657 1650 impios

287 1693 334 1748 ao
354 1667 529 1749 nefarios
548 1668 733 1750 homines
748 1694 774 1747 a
790 1666 961 1749 deorum
982 1668 1154 1750 concilio
1173 1696 1221 1749 ac
1237 1670 1429 1753 societate
1446 1665 1572 1746 arceri
1584 1662 1650 1769 ju·

285 1787 477 1872 dicabant
488 1791 583 1897 (1).»
601 1787 815 1870 Adversari
836 1806 971 1870 autem
988 1788 1051 1870 hia
1069 1789 1368 1899 ridentemque
1384 1801 1480 1869 aunt
1496 1786 1541 1865 in
1558 1809 1651 1864 ora·

285 1911 398 1993 tione
422 1921 497 2018 'pro
519 1911 732 1996 Cluentio:
751 1912 889 1992 «Nam
904 1937 1014 1992 nunc
1027 1911 1195 2022 quidem
1207 1910 1310 2021 quid
1321 1905 1485 1990 tandem
1500 1907 1538 1988 ei
1552 1904 1649 1985 mali
1759 1925 1763 1930 ’

283 2055 395 2112 mora
418 2031 578 2113 attulitl
606 2034 684 2114 nisi
709 2032 813 2112 forte
831 2034 994 2140 ineptiis
1018 2061 1064 2113 ac
1082 2032 1227 2114 fabulis
1245 2031 1454 2133 ducimur,
1475 2044 1524 2107 ut
1545 2026 1650 2106 exia-

283 2153 492 2250 timcmus,
512 2153 628 2228 illum
644 2151 754 2256 apud
770 2149 919 2238 inferos
936 2153 1158 2260 impiorum
1174 2153 1372 2257 supplicia
1390 2148 1584 2256 perferre,
1601 2174 1647 2228 ao

282 2269 421 2376 plures
447 2267 662 2354 offendisse
686 2270 893 2372 inimicos,
919 2297 1041 2381 quam
1069 2269 1136 2348 hio
1161 2269 1398 2378 reliquisse,
1419 2293 1443 2345 a
1463 2293 1646 2364 socrum,

282 2389 335 2470 ab
353 2417 528 2471 uxorum
544 2391 676 2497 poenis
693 2406 827 2468 actum
848 2417 932 2470 ease
951 2389 1196 2497 praecipitem
1215 2389 1261 2468 in
1281 2387 1567 2472 sceleratorum
1582 2413 1646 2466 ae-

282 2511 515 2622 dematque
532 2510 759 2614 regionem3
777 2535 867 2619 quae
884 2509 917 2589 ai
940 2509 1036 2590 salsa
1052 2512 1134 2593 sint
1141 2553 1160 2612 ,x
1175 2508 1219 2589 id
1239 2509 1353 2628 quod
1371 2535 1512 2592 omnes
1531 2505 1647 2587 intel·

280 2630 543 2739 ligant,quid
557 2632 594 2708 ei
608 2629 771 2709 tandem
783 2657 892 2710 mors
911 2633 1062 2739 eripuit
1082 2648 1232 2740 praeter
1250 2647 1412 2711 sensum
1429 2629 1609 2710 doloris?
1622 2661 1644 2704 a

280 2753 385 2834 Etin
400 2749 651 2834 orationibus
671 2750 837 2872 quidem
857 2753 932 2837 rite
947 2755 1038 2872 quis
1052 2751 1217 2860 dixerit,
1228 2754 1396 2844 minime
1409 2749 1645 2872 Philosophi

326 3073 375 3165 (1)
398 3069 498 3141 Conf.
509 3071 688 3142 Somnium
700 3071 889 3163 Scipionis,
905 3075 1051 3162 paaolm,
1068 3075 1183 3163 ibique
1200 3074 1424 3142 Macnonma.
1444 3061 1644 3163 Fragmenta

280 3175 449 3246 Ciceronis
458 3179 510 3244 ad.
523 3177 672 3262 Ernesti,
682 3200 758 3267 pag.
779 3180 876 3246 1105.
891 3177 970 3246 Van
980 3178 1141 3248 wnmn
1156 3179 1344 3261 sonuum
1357 3181 1395 3246 in
1410 3177 1576 3252 Dicetur.
1590 3179 1640 3246 De

280 3281 356 3350 Div.
371 3279 444 3348 Nat·
455 3303 531 3370 pag·
543 3281 598 3368 67.
613 3279 753 3360 Sunuci
761 3281 800 3352 in
813 3280 1044 3352 Consolatione
1053 3286 1096 3352 ad
1108 3284 1269 3354 Marciam
1287 3283 1366 3373 Cap.
1379 3285 1466 3353 xm
1477 3306 1553 3374 pag.
1568 3301 1641 3348 aar.
1654 3318 1657 3322 ·

279 3386 321 3454 A.
339 3385 455 3474 Lipaii.
475 3381 616 3472 «cogita
630 3384 689 3450 illa
707 3407 782 3472 que
795 3386 893 3452 nobia
910 3385 1037 3466 inferos
1053 3386 1183 3458 faciunt
1194 3389 1375 3473 terribiles,
1388 3387 1538 3461 fabulam
1553 3409 1653 3472 erae„

279 3489 389 3586 nullas
414 3488 537 3558 animur
558 3487 739 3589 imminere
758 3490 902 3564 mortuis
925 3491 1092 3578 tenebras,
1119 3515 1181 3565 nec
1202 3515 1386 3578 carectum,
1409 3516 1471 3566 uec
1496 3491 1639 3568 florina

278 3591 449 3692 flagrantia
462 3594 559 3682 igne,
575 3616 637 3660 neo
650 3594 827 3670 oblivionis
843 3619 998 3683 amnem,
1011 3620 1073 3666 nec
1089 3597 1288 3682 tribunalia,
1309 3614 1370 3664 nec
1393 3621 1468 3685 reor
1486 3598 1577 3662 ullos
1598 3587 1637 3662 in

276 3699 335 3764 illa
351 3698 500 3766 libertate
521 3709 591 3772 tam
607 3699 683 3772 laxa
703 3719 714 3768 ε
731 3699 843 3769 nullos
862 3701 988 3770 iterum
1003 3713 1177 3794 tyrannos.
1202 3701 1372 3774 Luaerun't
1393 3703 1453 3786 iata
1474 3701 1579 3792 poetae
1601 3700 1653 3767 'el-

277 3803 369 3870 vanis
382 3826 442 3872 noa
451 3803 612 3894 agitavere
623 3802 818 3870 terroribus.
833 3825 851 3868 r
866 3801 1057 3872 Vmonms
1066 3805 1104 3872 in
1117 3803 1268 3896 Georgic.
1280 3793 1325 3874 ll.
1336 3828 1369 3878 v·
1385 3806 1464 3897 490,
1474 3814 1546 3904 s‘qq·
1642 3797 1647 3809 ’

388 4095 392 4107 ,
513 4015 1196 4108 Felianipotuttreumcognoroeoeeaum,
1274 3984 1280 3996 ·

515 4119 1162 4200 Atquemetuaomueoctiucxcrabilelatun
1238 4156 1243 4164 ·
1329 4170 1332 4179 .
1494 4161 1499 4173 ·
1645 4153 1651 4169 ·

467 4212 1012 4380 mSubiecitpcdibru,atrepitumque
1025 4215 1303 4288 Acbuontiaarari!
1342 4224 1344 4227 ’
1417 4264 1506 4389 25⁴⁰
