4517 5867
647 628 693 713 alr
1039 606 1194 693 unaue.
1213 620 1301 691 tao
1324 617 1609 690 SCHOLLAERT

648 832 737 917 quae
756 804 962 886 actualiter
988 800 1038 880 ab
1061 800 1199 911 aliquo
1222 796 1489 909 possidentur.
1506 799 1636 875 Priori
1658 824 1775 899 casu,
1800 799 1852 878 ad
1884 824 2018 911 quern

645 928 787 1009 mfer'ri
805 942 970 1037 possunt
992 923 1107 1021 ferae,¹
1127 922 1253 1031 lapilli
1273 939 1314 1001 et
1333 947 1501 1027 gemmae
1517 921 1561 999 in
1578 918 1713 997 littore
1725 923 1848 1000 maris
1864 924 2019 1002 inven-

643 1066 715 1152 tae,
732 1050 941 1135 thesaurus
952 1046 1119 1155 proprie
1135 1042 1281 1141 dicurs,
1294 1058 1613 1151 caeteraequeres,
1627 1066 1728 1147 quas
1745 1046 2020 1148 occupatione

645 1190 798 1252 nostras
813 1172 1002 1267 iacimus,
1020 1187 1068 1248 ut
1087 1194 1151 1247 res
1171 1195 1247 1278 pro
1271 1163 1473 1273 derelictis
1494 1161 1657 1264 habitae,
1676 1162 1904 1271 requiritur
1920 1188 2020 1243 vera

642 1310 684 1373 ct
700 1293 892 1373 naturalis
914 1294 973 1371 rei
997 1289 1290 1400 apprehensio;
1309 1314 1406 1367 nam
1427 1302 1469 1365 et
1489 1284 1636 1364 harum
1656 1309 1797 1363 rerum
1816 1286 2018 1392 possessio

641 1416 674 1495 si
698 1417 946 1524 acquiratur,
965 1412 1080 1491 loeus
1107 1426 1170 1489 est
1186 1409 1459 1516 occupationi,
1482 1407 1534 1487 ad
1560 1432 1705 1517 quam,
1724 1432 1816 1483 cum
1844 1405 2016 1485 definia-

641 1554 709 1617 tur
733 1534 927 1615 naturalis
948 1530 1214 1641 apprehensio
1232 1532 1292 1608 rei
1316 1557 1406 1641 quac
1428 1527 1579 1609 nullius
1605 1544 1724 1607 estet
1746 1530 1789 1607 in
1811 1554 2016 1609 commer-

645 1660 709 1735 cio
726 1658 944 1736 constituta
966 1680 1060 1733 cum
1078 1655 1213 1732 animo
1236 1652 1315 1733 sihi
1333 1650 1529 1751 habendi,
1550 1679 1644 1734 vera
1668 1668 1709 1731 et
1730 1650 1922 1733 naturalis
1943 1677 2016 1758 ap-

643 1778 858 1887 prehensio
873 1805 1033 1857 necesse
1048 1794 1107 1856 est
1122 1786 1148 1883 §
1165 1774 1210 1857 13
1222 1776 1315 1856 Inst.
1322 1774 1373 1855 de
1380 1802 1457 1855 rer.
1468 1776 1582 1855 divis.
1597 1775 1703 1854 Hinc
1720 1774 1851 1855 insula
1865 1772 2019 1853 Achen-

642 1918 706 1980 tos
734 1900 888 1981 deserta
913 1898 1137 2008 adjudicata
1165 1897 1244 1978 fuit
1269 1898 1368 1979 olim
1386 1881 1739 1996 Chalcidensibus,
1765 1899 1837 2010 qui
1855 1898 2019 2005 priores

640 2024 909 2119 intraverant,
931 2050 1016 2102 non
1039 2050 1138 2101 vero
1160 2020 1340 2119 Andriis,
1360 2025 1434 2125 qui
1452 2026 1612 2124 priores
1639 2019 1815 2124 jaculum
1825 2018 2016 2114 ⁴immise-

640 2160 732 2223 rant
750 2142 825 2249 (1).
853 2140 1072 2221 Posteriori
1103 2164 1203 2219 rero
1236 2164 1347 2235 casu,
1380 2138 1415 2215 si
1449 2155 1590 2241 agatur
1619 2163 1767 2244 nempe
1796 2136 1849 2216 de
1875 2138 2017 2246 acqui·

641 2263 767 2345 rendi
792 2264 1043 2373 possessione
1072 2262 1132 2340 rei
1168 2286 1290 2371 quarn
1320 2258 1422 2340 alius
1454 2259 1654 2367 possidet,
1687 2262 1838 2339 iterum
1869 2258 2016 2339 distin·

640 2385 848 2493 guendurn
862 2402 937 2482 est3
954 2380 1019 2463 vel
1037 2384 1145 2463 enim
1161 2398 1261 2460 tunc
1278 2384 1412 2488 agitur
1425 2381 1475 2461 de
1492 2382 1738 2488 acquirendi
1757 2384 2015 2487 possessione

641 2510 746 2585 inter
774 2507 938 2603 inritos,
967 2500 1031 2580 vel
1059 2502 1110 2579 de
1136 2500 1381 2608 acquirenda
1407 2503 1659 2608 possessione
1680 2503 1787 2578 inter
1813 2502 2009 2581 volentes.

638 2628 681 2705 si
700 2628 752 2705 sit
778 2626 884 2702 inter
911 2622 1077 2717 invitos,
1100 2647 1195 2699 vera
1225 2638 1267 2699 ct
1293 2620 1486 2700 natrrralis
1513 2620 1574 2698 rei
1601 2619 1868 2725 apprehensio
1898 2650 2007 2731 quo·

637 2774 718 2855 que
744 2744 992 2848 requiritur;
1019 2766 1113 2815 nam
1141 2740 1230 2839 lege
1257 2740 1336 2813 hoo
1360 2743 1409 2813 in
1432 2764 1527 2815 casu
1549 2737 1654 2816 nihil
1683 2740 1895 2847 supplente
1919 2771 2010 2823 non

640 2865 753 2975 prius
770 2886 893 2971 quam
909 2884 997 2939 rern
1014 2856 1276 2963 corporaliter
1294 2855 1631 2964 apprehenderis,
1650 2887 1739 2940 eam
1757 2860 1941 2943 detinere
1953 2866 2013 2943 in·

641 2984 842 3089 telligeris.
866 2980 971 3061 Hinc
991 2978 1025 3057 si
1050 2977 1179 3057 invito
1199 3002 1422 3085 possessore
1441 2984 1735 3093 possessionem
1755 2985 1875 3066 nobis
1893 2989 2009 3069 'com-

640 3134 780 3217 parare
799 3120 1021 3200 tentemus,
1049 3126 1146 3181 vera
1177 3117 1219 3182 et
1249 3100 1440 3182 naturalis
1470 3104 1737 3211 apprehensio
1766 3109 2010 3220 requiritur,

640 3228 779 3343 nilque
806 3226 911 3307 ultra
942 3220 1269 3333 possidebimus,
1299 3250 1421 3333 quam
1450 3226 1567 3335 quod
1597 3228 1831 3310 neutraliter
1865 3259 2006 3341 appre-¹

641 3349 901 3433 henderimus
918 3363 959 3427 et
979 3373 1028 3426 cx
1044 3372 1127 3457 quo
1148 3370 1421 3458 possessorem
1439 3344 1727 3434 excluserimus
1742 3354 1785 3433 L.
1811 3352 1857 3436 18
1868 3363 1917 3456 ,ς
1936 3352 2004 3432 ult.

642 3475 682 3553 ff.
693 3475 731 3559 h.
742 3492 787 3575 t,
806 3475 861 3557 ita
877 3488 924 3553 ut
934 3473 1047 3579 prior
1063 3495 1269 3577 possessor
1287 3468 1530 3555 omuesillas
1541 3489 1675 3582 partes
1684 3473 1891 3582 possidere
1909 3501 2006 3554 con·

641 3596 793 3697 tinuct,
814 3620 912 3703 quas
934 3620 1027 3677 non,
1046 3590 1282 3677 naturaliter
1304 3592 1691 3700 apprehenderimus
1713 3612 1754 3675 et
1777 3624 1827 3675 ex
1852 3596 2002 3704 quibus

641 3742 735 3795 eum
745 3742 830 3797 non
849 3714 1120 3822 dejecerimus.
1139 3716 1246 3797 Hinc
1258 3716 1395 3815 enam,
1407 3718 1440 3800 si
1454 3744 1540 3799 rem
1558 3744 1680 3827 quam
1697 3714 1804 3824 apud
1816 3732 1854 3793 te
1873 3714 1999 3823 depo·

639 3838 723 3933 sui,
745 3839 963 3921 constituas
984 3864 1068 3917 non
1089 3834 1280 3937 reddere,
1301 3837 1394 3919 licet
1409 3857 1670 3940 amomento,
1690 3865 1774 3946 quo
1793 3836 2001 3919 inficiandi

639 3963 819 4066 animum
839 3960 1037 4058 habuisti,
1058 3962 1350 4067 possessionem
1370 3960 1477 4040 illius
1499 3965 1558 4041 rei
1582 3964 1763 4041 amittam
1783 3963 1860 4065 (ut
1880 3987 2003 4069 supra

641 4086 740 4165 eru
758 4082 809 4190 47
828 4082 866 4164 ff.
884 4082 922 4161 h.
940 4082 1154 4190 tprobare
1168 4083 1535 4185 conabamur),non
1552 4081 1821 4187 acquisiturus
1838 4110 1881 4161 es
1895 4109 2003 4184 eam,

643 4223 860 4314 antequam
875 4230 963 4282 rem
981 4202 1071 4282 loco
1093 4207 1267 4283 moveris
1283 4205 1327 4282 L.
1346 4202 1389 4305 3,
1411 4207 1437 4302 §
1457 4200 1503 4282 18
1523 4198 1564 4281 ff.
1583 4200 1622 4279 h.
1643 4217 1690 4302 t,
1712 4201 1759 4280 eia
1771 4229 1917 4311 nempe
1938 4230 2003 4285 ra·

640 4333 766 4426 tione,
792 4321 920 4439 quod,
939 4349 1033 4403 cum
1046 4342 1185 4430 agatur
1202 4326 1269 4405 hic
1288 4325 1339 4405 de
1362 4322 1606 4432 acquirendi
1626 4324 1877 4431 possessione
1899 4325 2002 4403 inter

641 4450 809 4550 invitos,
831 4449 895 4530 lex
917 4446 1019 4527 nihil
1047 4448 1249 4557 suppleat,
1268 4467 1309 4529 et
1333 4448 1506 4557 proinde
1522 4476 1608 4531 non
1629 4448 1718 4530 ficta
1736 4448 1810 4533 sed
1830 4449 1997 4535 naturali

681 4594 730 4681 (r)
750 4596 964 4667 harenosos
978 4614 1085 4691 quaest.
1096 4622 1188 4691 graec.
1204 4622 1254 4687 29.
