4517 5867
496 591 502 601 ’
625 630 869 703 nesrousro
894 631 955 698 nn
980 631 1147 719 Qunsr.
1172 632 1314 701 somn
1606 633 1652 707 23
1700 730 1710 760 x

288 820 410 902 JCtus
436 813 596 911 asserit,
622 813 756 891 statim
779 839 824 889 ac
842 809 1050 918 deponens
1074 810 1315 919 depositorio
1339 814 1568 922 permiserit
1588 841 1653 922 pe
1770 841 1774 847 ·
1855 825 1858 836 ’

290 942 410 1024 cunia
429 937 612 1046 deposita
624 938 701 1036 uti,
725 935 812 1016 fieri
830 952 1038 1037 mutuum,
1057 937 1176 1015 etiam
1194 951 1410 1044 antequam
1426 953 1653 1041 moveatur,

288 1063 441 1145 addens
468 1064 570 1143 hanc
588 1062 809 1161 rationem,
827 1059 923 1169 quia
942 1058 1077 1137 animo
1100 1060 1224 1165 coepit
1237 1059 1467 1167 possidere3
1485 1088 1579 1142 nam
1593 1061 1652 1141 ihi

290 1215 365 1295 per
387 1185 592 1265 fictionem
609 1184 743 1265 brevis
760 1208 903 1269 manus
919 1196 959 1260 et
982 1181 1107 1263 vitato
1132 1182 1305 1261 circuitu
1325 1179 1454 1261 civilis
1473 1200 1653 1264 versatur

289 1308 566 1418 apprehensio.

341 1510 541 1589 Caeterum
561 1504 670 1587 hunc
688 1509 1017 1615 praeteranimiet
1030 1508 1213 1616 corporis
1226 1532 1468 1587 concursum
1480 1498 1653 1615 sequen·

287 1630 342 1709 tia
351 1628 482 1712 adhuc
494 1630 759 1738 requiruntur
770 1660 778 1709 :
789 1648 836 1711 ut
846 1634 889 1710 in
904 1631 1147 1710 commercio
1159 1658 1223 1710 res
1240 1631 1292 1709 sit
1302 1631 1516 1709 constituta
1528 1631 1571 1707 L.
1584 1628 1652 1729 23,

287 1756 376 1855 ᾖα,
393 1744 435 1832 L.
455 1750 526 1845 30,
548 1751 573 1845 §
599 1781 613 1831 1
637 1752 676 1831 ff.
691 1771 718 1832 t.
736 1753 794 1853 h,
812 1772 853 1834 et
873 1754 925 1835 ad
946 1753 1238 1864 possidendum
1251 1754 1303 1832 sit
1319 1750 1464 1831 habilis
1482 1778 1653 1860 persona
1692 1797 1696 1805 ·

288 1874 330 1951 L.
342 1871 447 1975 23,§
463 1875 663 1983 1,L.49‚§
684 1904 697 1955 1
715 1874 754 1955 ff.
770 1876 807 1955 h.
823 1878 961 1981 t.'Quae
971 1876 1054 1957 duo
1065 1878 1333 1987 requisita,ut
1343 1892 1469 1983 patet,
1482 1892 1577 1955 sunt
1588 1875 1653 1984 ju·

288 1996 343 2073 ris
361 1996 480 2102 plane
499 1999 688 2106 positivi;
707 2017 747 2079 at
774 2028 866 2080 eum
888 2000 938 2079 de
959 2000 1055 2109 ipsis
1073 2002 1168 2081 satis
1188 2026 1391 2110 superque
1410 1997 1584 2078 diximus
1610 1999 1655 2075 in

287 2115 542 2211 definitione,
563 2131 685 2192 restat
708 2118 828 2192 nobis
855 2130 1013 2193 tantum
1036 2122 1239 2220 agendum
1259 2120 1311 2194 de
1337 2120 1654 2224 apprehensione

288 2250 329 2315 et
346 2233 397 2314 de
414 2235 560 2315 animo.
1321 2252 1324 2255 ’

736 2428 927 2511 SECTIO
946 2430 1202 2513 SECUNDA.

761 2656 825 2735 De
839 2656 1177 2767 Apprelcensioae.

341 2907 528 2988 Vidimus
549 2907 593 2986 in
610 2902 854 3015 praecedenti
875 2896 1073 3008 sectione,
1090 2905 1383 3013 possessionem
1400 2931 1484 2984 non
1498 2912 1654 3019 acquiri

289 3032 364 3110 nisi
383 3032 518 3110 animo
538 3046 578 3109 et
593 3056 765 3137 corpore
781 3028 928 3121 simul,
948 3044 1195 3137 quapropter
1211 3026 1262 3107 ad
1284 3031 1576 3136 possessionem
1593 3034 1653 3112 rei

288 3150 581 3260 acquirendam
594 3152 702 3231 haud
717 3142 885 3255 sufficit,
904 3168 950 3231 ut
969 3150 1090 3231 velim
1107 3178 1197 3229 eam
1215 3150 1439 3259 possidere,
1458 3152 1528 3232 sed
1543 3158 1654 3235 etin·

289 3299 412 3380 super
434 3298 595 3351 necesse
614 3290 689 3374 est,
709 3289 757 3351 ut
782 3294 869 3351 eam
893 3272 1238 3380 apprehenderim.
1258 3276 1411 3354 Verum
1430 3292 1565 3353 autem
1588 3280 1654 3380 (ut

292 3393 417 3473 modo
445 3396 759 3492 insinuavimus)
780 3394 971 3474 namralis
998 3397 1056 3473 rei
1075 3396 1343 3505 apprehensio
1359 3395 1470 3502 (licet
1482 3396 1566 3474 haec
1582 3395 1653 3476 ad·

288 3516 504 3624 ipiscendae
526 3519 788 3626 possessionis
807 3520 979 3599 maxime
998 3518 1191 3598 naturalis
1205 3520 1256 3597 sit
1277 3518 1380 3595 ratio
1398 3516 1441 3593 L.
1470 3544 1506 3613 1,
1522 3519 1548 3613 §
1562 3544 1586 3594 ·1
1613 3516 1652 3595 ss.

289 3636 327 3716 h.
347 3638 391 3739 t.)
411 3666 496 3718 non
526 3641 581 3718 ita
605 3639 657 3719 ad
678 3668 765 3719 eam
783 3642 1067 3751 acquirendam
1090 3642 1328 3751 requiritur,
1351 3640 1453 3746 quin
1470 3636 1561 3716 ficta
1581 3639 1652 3718 ali-

289 3759 453 3869 quando
462 3764 588 3871 possit
595 3764 913 3846 sufficereUnde
923 3757 1404 3876 quaeritur,quandonarn
1414 3760 1581 3841 naturali
1594 3764 1653 3840 rei

289 3878 604 3988 'apprehensione
624 3915 728 3996 opus
743 3892 811 3993 sit,
829 3888 1090 3999 quandonam
1101 3912 1200 3965 vero
1213 3884 1304 3963 ficta
1321 3882 1510 3963 sufficiat?
1529 3886 1585 3965 Ut
1602 3882 1653 3963 ad

289 4001 391 4082 hanc
404 4063 406 4069 .
418 4011 682 4115 quaestionem
712 4002 1023 4120 respondeatur,
1040 4034 1202 4086 necesse
1220 4025 1300 4104 est,
1318 4006 1394 4086 hos
1418 4004 1522 4087 duos
1542 4033 1654 4087 casus

292 4122 505 4229 distingni3
524 4126 676 4205 scilicet
690 4134 755 4206 vel
771 4137 902 4235 agitur
917 4130 967 4207 de
987 4126 1231 4239 acquirendi
1248 4133 1498 4237 possessione
1517 4152 1652 4209 earum

290 4272 450 4338 rerum,
478 4274 567 4355 quae
599 4246 650 4326 de
678 4248 782 4328 facto
804 4248 1015 4331 dominum
1037 4278 1121 4329 non
1150 4250 1315 4354 habent,
1342 4270 1382 4333 et
1408 4257 1450 4332 in
1478 4274 1651 4357 quarum

291 4368 540 4477 possessione
558 4386 677 4453 nem'o
696 4372 903 4453 actualiter
930 4375 1082 4472 existit,
1103 4373 1167 4453 vel
1187 4376 1319 4481 agimr
1336 4372 1386 4449 de
1407 4367 1651 4482 acquirendd

291 4491 543 4599 possessione
559 4520 696 4575 earum
714 4522 868 4595 rerum,
890 4524 980 4605 quae
1002 4495 1173 4577 defecto
1194 4496 1405 4576 dominum
1423 4491 1589 4585 hahent,
1610 4506 1651 4570 et
