4517 5867
630 584 672 666 ‚a
967 563 1433 639 manaanrnnsanvr
1455 566 1642 637 nonnus

627 770 684 868 tl,
705 767 757 846 ab
777 763 949 844 invicem
969 759 1229 848 removentur
1244 769 1355 836 aetate
1375 755 1546 853 matur-a,
1562 773 1603 834 et
1619 781 1794 864 quarum
1808 757 1987 838 intersti-
2117 855 2122 864 Ι

627 892 682 970 tia
700 887 843 992 partim
863 877 1070 984 replentur
1083 876 1200 952 novis
1213 875 1349 971 ramis,
1364 876 1436 982 qui
1450 901 1475 952 a
1487 876 1606 979 spiris
1617 877 1833 982 primitivis
1846 879 1985 956 orinn.

626 1028 704 1090 tur.
718 1007 767 1086 ln
783 998 960 1082 manimlv
969 994 1213 1104 perfectione
1228 1009 1432 1098 aspectum
1447 991 1605 1072 reticuli
1616 995 1782 1076 maculis
1801 995 1986 1104 oblongis

626 1125 827 1228 referunt,
844 1137 888 1200 et
905 1121 962 1199 sic
980 1117 1125 1201 merito
1143 1111 1365 1200 tumificatae
1383 1131 1424 1192 et
1443 1113 1673 1194 reticulares
1691 1112 1874 1195 audiunt

679 1302 869 1390 Tracheae
889 1301 1181 1383 monililormes
1200 1303 1243 1380 in
1260 1299 1324 1379 bis
1347 1298 1493 1406 plantae
1513 1299 1697 1406 partibus
1714 1301 1989 1406 reperiuntur,

624 1417 700 1518 ubi
718 1430 803 1535 ejus
824 1427 996 1512 secretio
1010 1421 1352 1531 perpendicularis
1370 1421 1566 1502 retardata
1583 1437 1663 1522 est,
1676 1437 1717 1499 et
1729 1418 1801 1504 ubi
1816 1418 1986 1498 directio

627 1549 830 1658 primitiva
856 1563 896 1626 et
916 1543 1260 1653 perpendicularis
1280 1541 1449 1650 plantae,
1473 1541 1637 1624 cellulas
1663 1539 1865 1642 elongatae
1891 1565 1988 1646 pro-

628 1669 801 1771 ducens,
820 1664 1121 1748 horizontaliter
1139 1663 1370 1761 deducitur3
1388 1663 1550 1755 cellulas
1568 1661 1776 1742 breviores
1792 1675 1835 1737 et
1851 1658 1992 1738 formae
2095 1705 2098 1708 ·

628 1806 789 1870 mutatae
810 1784 1046 1867 efformandi
1064 1789 1191 1868 causi.
1206 1787 1272 1868 Sic
1288 1781 1569 1870 tantummodo
1588 1783 1649 1864 bae
1667 1779 1835 1863 trachea
1850 1781 1895 1860 in
1914 1806 1990 1857 no·

625 1912 692 1990 dis
716 1909 838 1989 culmi
860 1925 901 1986 et
922 1907 1126 1987 radicibus
1149 1907 1350 2015 tuberosis
1369 1908 1640 2010 reperiuntur.
1662 1900 1886 1982 Etracbeis
1906 1901 1990 2012 spi·

625 2028 781 2110 ralibus
806 2025 1076 2132 simplicibus,
1100 2025 1304 2130 punctatls
1326 2040 1368 2102 et
1388 2021 1669 2102 reticularibus
1692 2021 1892 2126 originem
1912 2018 1989 2099 du·
2065 2016 2068 2026 ’

630 2164 749 2247 eunt,
771 2163 812 2224 et
835 2145 893 2226 nil
918 2143 1029 2224 aliud
1053 2159 1148 2221 sunt
1173 2167 1297 2252 qnam
1321 2140 1384 2218 bae
1410 2140 1580 2222 tracheae
1603 2138 1704 2218 nodi
1728 2137 1989 2252 qualitatibus

629 2269 867 2349 immutatae:
881 2261 1146 2345 ellormantur
1162 2259 1517 2342 constrictionibus
1533 2261 1578 2336 in
1588 2260 1738 2339 vicinia
1751 2259 1851 2338 nodi
1864 2259 1988 2338 inter·

627 2382 909 2478 venientibus3
931 2378 1103 2464 trachea
1127 2377 1291 2488 spitales
1313 2383 1432 2462 certis
1455 2380 1592 2487 spatiis
1608 2365 1786 2462 subeunt
1806 2395 1989 2488 strangu·

629 2507 748 2605 latus,
767 2505 838 2614 qui
859 2502 958 2586 dum
975 2501 1078 2585 liunt
1090 2503 1134 2584 ln
1152 2502 1249 2607 ipsis
1268 2498 1388 2583 nodis
1405 2502 1620 2603 acutiores,
1630 2499 1689 2582 ibi
1703 2527 1773 2579 vas
1785 2497 1990 2597 dividunt,

630 2643 672 2704 et
689 2649 738 2704 es
761 2636 810 2703 eo
832 2621 1027 2704 utriculos
1050 2620 1249 2724 oblongos
1271 2634 1378 2699 unus
1404 2633 1539 2727 snpra‘
1555 2619 1680 2699 alinm
1705 2621 1877 2700 insertos
1903 2618 1992 2700 lor-

628 2761 762 2846 mant,
778 2749 835 2823 ita
858 2759 905 2826 ut
926 2743 1094 2822 omnino
1111 2757 1315 2848 aspectum
1337 2742 1538 2820 vermium
1557 2753 1760 2818 tortorum
1778 2755 1821 2817 et
1839 2740 1990 2814 aracu-

630 2857 804 2946 lstorunr
820 2851 1299 2964 'ollemnt'squandoque
1322 2844 1777 2960 implexus'r'e'ticulares
1803 2848 1989 2934 formant„

684 3043 790 3124 Cum
806 3065 891 3118 non
908 3035 986 3120 nisi
1004 3035 1214 3118 varietates
1236 3047 1278 3112 et
1296 3033 1539 3116 mutationes
1562 3033 1815 3116 trachearum
1834 3037 1990 3143 spirali·

631 3187 704 3241 um
713 3185 898 3238 verarum
912 3157 1007 3253 sint,
1023 3153 1204 3240 eamdem
1215 3150 1692 3270 quoquedistinationem
1708 3154 1866 3238 babent
1883 3156 1989 3238 Cum

632 3282 742 3360 enirn
767 3276 900 3360 nullos
931 3302 1088 3374 succos,
1112 3273 1185 3355 sed
1207 3299 1342 3358 aerem
1362 3271 1528 3372 vehant,
1555 3301 1630 3381 pro
1659 3277 1817 3381 organis
1841 3279 1988 3356 musi·

631 3401 754 3484 tionis
772 3397 1028 3507 liquidorum
1049 3397 1093 3474 in
1113 3394 1240 3480 fluida
1264 3394 1443 3494 elusum,
1466 3421 1539 3480 seu
1561 3423 1637 3507 pro
1660 3398 1818 3506 organis
1839 3395 1986 3480 forma·

631 3519 754 3612 tionis
773 3519 884 3602 aeris
894 3515 1032 3620 haberi
1049 3532 1229 3625 possunt
2020 3538 2024 3543 ’

684 3705 848 3807 Organa
860 3699 1114 3779 elementaria
1126 3697 1411 3805 vegetabilium
1424 3699 1503 3806 bpc
1515 3725 1644 3806 nsque
1653 3699 1735 3778 fere
1743 3698 1893 3808 absque
1904 3700 1986 3780 nlla

633 3823 826 3901 relatione
841 3820 947 3900 inter
961 3846 1003 3896 se
1017 3835 1057 3897 et
1070 3845 1164 3896 oum
1176 3816 1460 3924 systematibus
1472 3818 1615 3924 plantae
1628 3817 2001 3904 consideravimusr,

634 3957 680 4015 nt
704 3942 848 4024 melius
868 3937 1141 4042 intelligantur
1169 3938 1396 4020 functiones
1421 3939 1661 4043 organorum
1683 3937 2005 4036 elementarium¹
2043 4024 2048 4042 ⁸

634 4069 676 4130 et
698 4073 955 4158 systematum
982 4056 1148 4164 plantae,
1171 4057 1357 4168 quaedam
1373 4051 1492 4165 adjici
1513 4057 1565 4146 de
1582 4056 1732 4142 fabrica
1748 4040 2004 4161 anatomicas

633 4189 893 4286 systematum
909 4177 1193 4282 vegetabilium
1214 4180 1481 4262 necessarium
1501 4176 1672 4262 videtur.
1706 4258 1711 4262 .

688 4339 735 4418 In
762 4343 1007 4448 vegetatione
1032 4343 1116 4425 duo
1136 4361 1233 4424 eunt
1255 4361 1465 4457 systemata
1489 4346 1705 4453 generalia
1725 4361 1864 4430 catere
1889 4361 1984 4429 sunt
