4517 5867
645 624 686 703 14
956 616 1176 733 ANDllEAE
1199 612 1374 686 COHEN
1395 612 1682 685 KHONRAAD

692 798 784 879 Vita
805 794 1012 905 'imprimis
1040 794 1200 877 homini
1225 795 1359 901 magni
1384 792 1519 873 eradit
1541 792 1662 899 pretii
1681 821 1691 871 ι
1708 817 1801 874 nam
1822 820 1905 873 non
1929 820 1998 876 so·

644 922 730 1003 lum
749 918 850 1003 vivit
872 917 951 999 sibi
976 920 1119 1023 unico,
1135 917 1207 1001 sed
1226 935 1267 999 et
1286 916 1396 1018 aliis,
1414 941 1594 1026 quorum
1611 912 1839 998 commodis
1858 943 1904 997 ac
1918 918 2000 999 uti·

641 1044 743 1123 litati
770 1043 894 1123 servit
912 1059 959 1123 ut
982 1040 1238 1151 parentibus,
1260 1040 1421 1140 amicis,
1443 1040 1605 1148 patrie,
1622 1055 1694 1121 etc
1712 1040 1775 1119 De
1791 1066 1835 1119 se
1860 1038 2004 1121 melius

642 1165 761 1247 etiam
779 1165 996 1263 existiman
1025 1162 1243 1274 undeque
1268 1162 1439 1270 longum
1461 1164 1554 1245 vita
1571 1180 1734 1273 tempus
1758 1161 2004 1270 beatumque

641 1285 809 1367 reddere
829 1302 1016 1395 possunt,
1034 1287 1237 1396 exquirit,
1259 1312 1349 1395 quae
1375 1303 1515 1367 contra
1539 1286 1706 1369 brevius
1728 1312 1776 1373 ac
1795 1285 2004 1381 miserum,

636 1424 814 1489 avertere
837 1407 981 1489 studet.
1008 1408 1103 1487 Non
1130 1410 1284 1485 mirum
1313 1409 1459 1511 igitur,
1483 1409 1808 1491 circumstanciaa
1836 1432 1925 1515 quae
1951 1404 2004 1487 ad

635 1528 914 1621 stabiliendam
939 1528 1066 1608 vitam
1091 1528 1338 1634 conspirant,
1364 1528 1471 1607 inter
1490 1556 1537 1607 ea
1555 1531 1701 1609 sanitas
1726 1546 1797 1610 aut
1817 1528 1908 1608 vitae
1937 1525 2003 1605 de-

639 1646 871 1750 linimenta,
893 1646 960 1727 vel
986 1646 1038 1727 ad
1055 1647 1171 1727 bum
1195 1646 1467 1753 spoliandam,
1492 1648 1626 1759 qrmlia
1648 1668 1743 1733 sunt
1767 1649 1903 1731 morbi
1934 1664 2006 1729 aut

560 1840 569 1851 .
639 1766 705 1847 alii
727 1796 842 1851 cesus
856 1766 1036 1873 adversi,
1058 1768 1181 1849 animi
1202 1785 1346 1849 motus.
1360 1794 1551 1882 generare
1572 1772 1832 1849 vehementes.

688 1958 897 2041 Accedunt
918 1956 1064 2037 deinde
1089 1959 1356 2065 proprietates
1373 1958 1424 2037 ad
1445 1984 1488 2037 se
1508 1955 1710 2037 exclusive
1736 1956 2003 2063 pertinentes,

637 2097 677 2161 et
703 2104 879 2188 quarum
906 2104 985 2187 ope
1014 2080 1105 2159 vitae
1129 2081 1353 2161 necessaria
1379 2098 1421 2160 et
1448 2078 1677 2181 commoda,
1708 2076 1884 2158 felicitati
1916 2106 2004 2160 suae

635 2224 711 2305 pro
730 2216 842 2307 parte
870 2198 1119 2303 essentialia,
1135 2201 1214 2283 sibi
1233 2228 1372 2309 parare
1397 2218 1539 2309 potest
1561 2199 1698 2281 homo.
1720 2198 1786 2279 Ad
1810 2199 1882 2277 bas
1908 2198 2007 2279 refe

635 2337 782 2403 runtur
799 2320 1120 2427 bonafama,
1137 2323 1329 2427 honores,
1346 2320 1854 2431 jura,existimatio,fama.
1876 2319 2005 2423 Quod

636 2443 669 2523 si
684 2441 957 2553 ponderemus
974 2444 1198 2553 permultos
1215 2447 1325 2549 dari,
1338 2447 1412 2556 qui
1428 2446 1624 2549 honores,
1643 2446 1839 2551 gloriam,
1857 2442 2009 2524 famam

638 2564 728 2645 vitm
751 2568 827 2673 ipsi
851 2584 1120 2673 anteponunt,
1142 2592 1267 2674 seque
1293 2594 1369 2673 pro
1394 2565 1475 2645 illis
1494 2566 1717 2666 devovent,
1742 2565 1912 2671 insuper
1932 2592 2007 2641 co-

636 2700 750 2778 natus
783 2685 956 2795 majoris,
972 2687 1137 2787 numeri
1156 2685 1401 2783 liminum,
1433 2684 1489 2759 ad
1526 2680 1749 2773 obtinenda
1784 2682 2008 2792 commoda

636 2829 757 2911 supra
776 2800 901 2899 dicta,
929 2797 1138 2905 impendi,
1159 2797 1250 2906 jure
1279 2800 1521 2879 concludere
1547 2801 1643 2879 licet
1661 2860 1674 2905 ,
1690 2804 1734 2881 ni
1765 2799 1914 2905 fallor„
1928 2802 2003 2884 has

636 2923 899 3031 proprietates
926 2947 1003 3030 pro
1020 2920 1153 3001 causis
1169 2921 1293 3004 animi
1316 2920 1536 3003 affectuum
1561 2921 1766 3004 habendas
1795 2951 1879 3035 esse
1910 2923 2008 3004 fera-

635 3070 818 3127 ctssrmas.

689 3230 810 3317 Haud
829 3233 999 3315 minoris
1017 3246 1077 3313 est
1095 3230 1294 3313 momenti
1314 3234 1377 3313 sui
1398 3232 1609 3315 vinculum
1633 3261 1718 3345 quo
1732 3233 1916 3342 jungitur
1933 3260 2004 3342 pa·

637 3352 1267 3465 rentibus,conjugi,infantibus
1286 3374 1327 3436 et
1345 3358 1665 3465 consanguineis.
1677 3360 1773 3437 Post
1791 3354 1866 3436 hos
1877 3355 2002 3436 homo

636 3481 772 3586 magni
788 3478 954 3560 aestimat
970 3479 1193 3558 amicorum
1211 3476 1468 3589 aliorumque
1485 3478 1700 3561 hominum
1719 3480 2000 3560 emolumenta.

689 3654 877 3762 Denique
898 3658 1064 3736 societas
1092 3657 1272 3761 exsurgit
1291 3658 1566 3760 numerosior,
1586 3684 1764 3769 quorum
1780 3655 1998 3737 communi-

637 3776 715 3855 bus
740 3774 965 3853 commodis
989 3779 1176 3873 inservit,
1206 3804 1250 3879 se
1278 3777 1431 3885 colligit
1453 3806 1599 3886 nempe
1624 3779 1790 3877 civibus,
1811 3775 1997 3879 regioni,

637 3898 773 4008 patriae
789 3920 896 3997 suae,
923 3892 1087 3974 tandem
1112 3900 1188 3975 toti
1208 3901 1371 3981 nationi.
1399 3904 1491 3979 Haec
1514 3899 1766 4005 conjunctio,
1792 3895 1996 3975 influxum

638 4034 796 4103 exercet
820 4017 929 4098 haud
956 4017 1150 4125 exiguum
1169 4020 1436 4129 invoriginem
1460 4021 1702 4126 passionum.

689 4212 904 4293 linientes
921 4209 1226 4317 principaliores
1248 4238 1271 4289 e
1292 4210 1446 4319 quibus
1465 4206 1652 4293 defluunt
1675 4192 1997 4315 perturbationes

640 4332 764 4409 animi
793 4330 1015 4413 fortissima
1046 4346 1087 4408 et
1121 4333 1296 4438 maxime
1318 4328 1530 4411 durabiles
1554 4334 1716 4437 Agunt,
1736 4345 1784 4408 ut
1802 4326 1999 4429 vidimus,

640 4445 836 4551 mediate,
851 4450 1001 4531 scilicet
1018 4450 1160 4529 animae
1181 4448 1425 4554 exponendo
1446 4449 1579 4536 ideam
1599 4478 1728 4586 quam·
1745 4450 1813 4553 ille
1827 4449 2017 4561 judicio,¹
