4517 5867
750 634 1085 709 nlssunrnrlo
1107 630 1316 703 MEDICA.
1676 628 1716 699 51

364 842 431 905 tur
448 833 496 903 ut
515 843 641 907 causat
668 817 793 899 animi
817 792 1118 925 'pathemamm
1138 811 1188 893 iis
1215 808 1419 893 mutandis
1446 806 1568 889 cardo
1595 824 1724 889 verte-

361 961 474 1025 retur
491 958 537 1023 ut
564 956 1006 1051 praecaveatureorum
1034 936 1200 1043 genesis.
1760 923 1767 938 '

423 1186 599 1291 Quando
629 1185 765 1267 existit
797 1181 879 1290 jam
911 1181 1035 1259 animi
1070 1178 1282 1287 pathema,
1315 1174 1465 1259 eaedem
1494 1204 1596 1288 quas
1624 1175 1724 1257 deli-

362 1312 571 1393 neavimus
607 1307 753 1417 regulae
779 1304 831 1387 ad
862 1301 1183 1412 oppugnandum
1210 1296 1340 1398 illud,
1371 1300 1563 1408 applicari
1597 1297 1729 1382 adhuc

364 1448 564 1539 possunt3
608 1447 655 1510 ut
694 1442 881 1534 prompte
929 1415 1184 1499 debellentur
1217 1428 1307 1495 tum
1348 1415 1587 1521 pumiones,
1625 1423 1729 1499 inter

361 1578 403 1631 se
431 1549 586 1658 opponi
607 1562 788 1655 possunt.
817 1544 945 1625 Amor
967 1540 1089 1623 nimis
1109 1536 1278 1645 flagrans
1301 1532 1514 1644 frangitur
1527 1537 1730 1622 movendo

362 1668 546 1767 fastidi03
564 1666 760 1775 gaudium
781 1667 955 1747 nimium
977 1679 1090 1743 metu
1109 1689 1157 1743 ac
1176 1660 1340 1744 tristitia
1356 1658 1607 1755 sublevatum
1628 1684 1732 1738 com·

361 1788 541 1900 poscitur
566 1792 646 1879 ira,
667 1788 766 1867 dum
784 1790 912 1885 pietas
934 1799 977 1864 et
998 1780 1251 1887 indulgentia
1271 1783 1544 1884 suscitantur,
1564 1780 1664 1863 (lum
1681 1777 1732 1861 ad

365 1905 456 1983 irati
479 1898 731 1981 voluntatem
758 1895 965 2004 paulisper
992 1929 1067 1975 uos
1092 1903 1461 2003 accommodamus,
1489 1920 1531 1985 et
1553 1898 1732 1984 ostendi·

362 2042 431 2105 tur
466 2020 587 2104 uobis
619 2018 684 2101 vel
715 2018 804 2101 aliis
821 2015 920 2098 “non
952 2018 999 2095 in
1041 2016 1179 2098 animo
1219 2013 1341 2097 fuisse
1372 2042 1470 2097 eum
1500 2024 1729 2115 offendere,

325 2160 331 2167 ’
363 2162 406 2224 et
435 2144 515 2225 uisi
536 2159 626 2221 tum
652 2140 854 2250 placetur,
873 2141 905 2219 ii
924 2136 1191 2219 subtrahendi
1211 2157 1308 2221 sunt
1333 2143 1379 2221 iu
1406 2164 1512 2248 quos
1537 2139 1735 2245 impetum

366 2264 496 2375 facere
518 2280 707 2377 consum
725 2279 919 2373 praetcrea
939 2260 1176 2343 incutiendo
1196 2280 1351 2345 metum
1369 2290 1476 2372 saepe
1499 2259 1737 2349 defervescit

365 2388 436 2467 ira.
458 2388 610 2469 Moeror
629 2382 994 2492 deflectitur,1dum
1015 2400 1137 2490 gratae
1159 2389 1302 2467 animae
1322 2384 1597 2496 depinguntur
1620 2379 1737 2477 ideae3

169 2500 174 2507 ⁹
314 2502 319 2507 ’
364 2506 566 2615 gaudium·
584 2506 783 2591 excitandi
811 2506 1006 2603 iudicatio
1035 2505 1219 2592 habetur.
1249 2511 1519 2590 Dummetus
1543 2504 1740 2586 molestus·

363 2628 541 2703 hominis
574 2648 714 2727 peetus
744 2632 962 2726 opprimit,
993 2630 1193 2723 fortitudo
1223 2633 1368 2711 animae
1393 2624 1620 2708 revocanda
1649 2639 1735 2716 est;

367 2741 417 2821 ad
440 2740 703 2821 avertendum
725 2738 840 2819 illum
862 2738 1026 2848 expedit
1048 2766 1357 2849 nonnumquam
1381 2740 1449 2817 ira.
1469 2740 1625 2819 Odium
1640 2741 1737 2819 mol·

367 2862 468 2945 litur
495 2858 659 2975 quando
688 2861 861 2977 amicitia
888 2878 1010 2972 atque
1033 2863 1164 2944 teneri
1195 2860 1364 2944 affectus
1381 2875 1699 2942 commoventur.

423 3123 518 3199 Non
546 3142 714 3224 possum
738 3140 826 3199 uon·
842 3116 963 3228 loqui
996 3103 1145 3199 iterum
1169 3118 1222 3200 de
1251 3117 1508 3220 discrimine,
1543 3137 1586 3202 et
1610 3122 1736 3227 pcrti-

368 3237 590 3321 mescendis
613 3237 888 3322 incidentibus
913 3241 1063 3351 quibus
1085 3270 1222 3325 amam
1244 3243 1425 3353 praebcre
1448 3259 1581 3350 potest
1602 3244 1740 3319 nansi·

370 3382 440 3461 ¹tus
468 3362 701 3445 subitaneus
730 3362 782 3443 ab
815 3390 900 3446 uno
930 3362 1079 3445 affectu
1108 3364 1347 3447 inultorum
1367 3365 1611 3473 oppositum.
1634 3363 1737 3441 Gru·

375 3482 500 3567 datim
530 3485 666 3595 itaque
695 3502 903 3567 mutentur
929 3484 1095 3567 affectus
1114 3487 1254 3585 animi,
1275 3489 1320 3566 iu
1345 3485 1433 3565 aliis
1452 3499 1739 3597 convertantur

375 3625 416 3689 et
425 3610 541 3719 quasi
557 3608 847 3713 dividantur,si
859 3607 916 3691 fas
933 3626 994 3704 est
1007 3611 1064 3703 ita
1077 3609 1208 3721 loqui;
1221 3607 1373 3720 quibus
1389 3608 1534 3717 positis
1549 3603 1736 3706 intelligi·

370 3740 453 3824 tur,
477 3730 634 3811 homini
646 3734 822 3840 graviter
844 3729 993 3813 afflicto
1011 3759 1096 3816 nou
1118 3748 1285 3842 repente
1305 3728 1529 3813 enarranda
1548 3752 1633 3810 esso
1646 3748 1737 3830 quae

371 3848 408 3925 ei
435 3864 532 3929 suut
562 3856 727 3936 maximi
748 3854 1042 3947 oblectamenti.
1339 3876 1343 3879 ·
1420 3849 1425 3861 '

422 4084 533 4159 Dum
557 4074 706 4159 resistit
734 4078 1212 4193 pathenia,quamq1mm
1239 4087 1442 4167 orationes
1471 4080 1737 4167 mubeanmr

224 4261 229 4275 ,
375 4200 658 4297 solertissima,
682 4216 723 4279 et
742 4201 887 4282 auxilia
912 4206 1047 4285 omnia
1068 4232 1160 4315 quae
1183 4203 1337 4289 directo
1356 4212 1401 4287 in
1419 4206 1594 4286 animam
1613 4226 1736 4314 egunt

377 4340 524 4405 tentata
542 4325 625 4403 siut
635 4384 646 4422 ,
658 4322 970 4431 conffigiendum
983 4344 1043 4409 est
1059 4326 1110 4409 ad
1128 4327 1277 4435 media,
1294 4359 1386 4442 quae
1403 4327 1571 4441 quidem
1588 4329 1737 4411 malum

374 4451 508 4554 ipsum
528 4473 613 4529 uon
633 4444 891 4555 adoriuntur,
907 4448 979 4535 sed
1000 4452 1279 4555 tautummodo
1296 4454 1398 4538 illud
1416 4452 1544 4537 levius
1560 4450 1738 4535 reddunt
