4517 5867
631 686 874 757 nssrorsno
898 682 962 755 sn
985 668 1149 773 Quasi.
1176 688 1314 759 sunto.
1566 684 1633 758 103

1177 869 1267 967 χ.

916 1005 996 1103 §t

357 1270 420 1353 Ob
454 1296 627 1378 quarum
659 1296 788 1349 rerum
806 1268 1089 1376 possessionem
1123 1269 1295 1345 actiones
1311 1268 1557 1371 possessorio

875 1404 1049 1485 dentur?

324 1742 434 1818 Patet
450 1764 499 1815 ex
517 1737 728 1845 hucusque
745 1734 796 1815 de
816 1734 1043 1814 actionibus
1060 1735 1316 1842 possessoriis
1324 1733 1533 1836 dictis,eus
1552 1764 1637 1815 non

272 1876 499 1969 competere
527 1859 604 1939 nisi
637 1856 687 1936 de
718 1859 968 1967 possessione
995 1864 1054 1935 rei
1082 1858 1302 1939 immobilis
1322 1876 1393 1938 aut
1416 1857 1526 1937 illius
1549 1862 1636 1954 rei,

272 2012 363 2093 quae
390 1982 670 2063 immobilibus
695 1979 955 2076 adscribitur3
980 1979 1156 2061 diximus
1176 1982 1303 2083 enim,
1328 1980 1458 2058 finem
1477 1978 1637 2057 illarum

274 2107 478 2184 actionum
512 2130 595 2181 esse
629 2101 749 2179 nobis
774 2100 1038 2178 conservandi
1060 2101 1124 2203 rel
1145 2099 1408 2208 recuperandi
1429 2099 1640 2207 possessio·
1773 2188 1778 2200 Ι

271 2254 366 2304 nem
386 2224 502 2303 fundi
528 2222 592 2302 tel
617 2221 719 2329 juris
744 2219 880 2319 realis,
908 2222 1025 2330 quale
1046 2239 1106 2300 est
1125 2222 1396 2322 ususfructus,
1421 2221 1637 2316 habitatio,

274 2347 443 2425 servitus
460 2360 556 2447 etc,
576 2370 670 2422 nam
687 2344 781 2422 licet
800 2344 862 2421 hae
881 2370 945 2422 res
969 2372 1017 2423 ex
1039 2345 1181 2425 naturai
1200 2344 1273 2422 suit
1286 2370 1360 2422 nec
1379 2340 1551 2420 mobiles
1563 2364 1639 2417 nec

271 2466 503 2546 immobiles
515 2468 768 2574 sint,utpote
790 2490 875 2544 non
888 2468 972 2545 nisi·
987 2469 1030 2545 in
1052 2467 1259 2547 intellectu
1270 2468 1479 2564 exsistunt,
1492 2465 1640 2541 immo·

271 2590 424 2669 bilibus
450 2607 584 2668 tamen
611 2576 899 2667 adscribuntur
933 2605 1002 2667 art.
1035 2588 1112 2669 526
1145 2588 1245 2667 Cod.
1277 2589 1361 2666 civ.
1391 2590 1501 2663 Patet
1520 2585 1640 2687 hinc,

271 2710 424 2787 nullam
444 2710 616 2817 amplius
635 2711 835 2787 actionem
855 2711 1140 2816 possessoriam
1160 2725 1386 2816 competere
1408 2704 1463 2783 ob
1484 2732 1639 2813 posses-

272 2804 429 2907 sionem
449 2830 756 2940 redituum,qui
778 2860 827 2909 ex
844 2848 914 2907 art.
926 2832 1003 2931 529
1013 2849 1097 2899 non
1106 2830 1403 2915 immobllibus,
1417 2826 1488 2895 sed
1506 2826 1640 2904 mobi-

272 2947 381 3025 libus
396 2950 692 3026 adscribuntur.
712 2944 1007 3047 Excipiendum
1025 2961 1159 3022 tamen
1171 2939 1425 3019 'arbitramur
1442 2938 1638 3042 reditum,

274 3069 344 3175 qui
357 3127 368 3169 ,
382 3084 430 3146 ut
446 3083 535 3145 utar
552 3064 688 3145 verbis
706 3081 776 3142 art.
801 3063 879 3144 530
901 3064 1000 3143 Cod.
1024 3063 1126 3166 civ,
1149 3081 1207 3141 est
1230 3067 1442 3144 constituet
1461 3069 1638 3175 aperpe'·

274 3190 377 3266 coice
390 3214 541 3266 comme
561 3184 762 3264 condition
779 3184 828 3262 de
849 3184 891 3262 la
909 3189 1054 3263 cession
1075 3182 1103 3265 ὰ
1118 3187 1207 3265 titre
1220 3190 1377 3293 gratnit
1394 3216 1448 3267 ou
1464 3193 1638 3268 ondreux

273 3308 376 3386 d’un
397 3308 629 3419 imrneublffi
646 3306 907 3407 namreditus
925 3306 1011 3406 hic,
1031 3325 1078 3387 ut
1095 3308 1378 3389 celeberrimus
1397 3326 1532 3388 noster
1549 3314 1640 3387 Pro-

275 3427 401 3509 fessor
427 3434 488 3512 Dn
512 3432 666 3511 Cosrnn
693 3456 768 3508 nos
798 3428 939 3509 docuit
965 3432 1008 3508 in
1035 3431 1269 3540 explicando
1297 3448 1367 3508 art
1390 3430 1488 3526 530,
1510 3456 1638 3507 nona

275 3554 445 3656 persona
464 3552 534 3631 sed
553 3581 575 3631 a
595 3542 723 3631 fundo
745 3550 939 3654 debetur,
958 3581 1082 3663 quem
1091 3553 1262 3662 proinde
1282 3578 1330 3629 ex
1348 3567 1417 3627 art.
1438 3548 1515 3630 526
1537 3550 1634 3629 Cod.

277 3670 362 3749 Civ.
380 3673 662 3753 immobilibus
679 3674 1030 3756 annumerandum
1061 3675 1248 3782 putamus
1270 3672 1416 3752 actioni
1443 3678 1639 3779 possesso·

276 3792 345 3871 riae
359 3791 495 3871 locum
511 3793 621 3893 dare,
636 3800 697 3877 uti
711 3815 751 3876 et
770 3797 864 3876 alias
878 3825 943 3877 res
956 3796 1242 3905 incorporales,
1256 3823 1346 3902 quae
1359 3794 1636 3874 immobilibus

274 3931 598 3994 annumerantur.

325 4156 438 4256 Quin
453 4156 573 4233 etiam
598 4181 682 4234 non
701 4154 848 4235 sufficit
865 4150 1112 4239 edictiones
1136 4162 1415 4267 possessurus,
1435 4181 1481 4241 ut
1498 4145 1649 4269 agatur'

272 4275 386 4355 dere
409 4275 629 4378 immobili,
658 4279 731 4357 sed
761 4296 802 4358 et
827 4281 992 4388 insuper
1015 4285 1258 4391 requiritur,
1285 4302 1332 4365 ut
1358 4284 1534 4366 testulis
1560 4288 1635 4390 sit,

271 4397 386 4507 cujus
406 4402 600 4505 possessio
620 4398 670 4478 ad
690 4402 1031 4509 praescriptionem
1056 4423 1117 4484 est
1135 4405 1283 4487 efficax.
1315 4408 1419 4486 Hinc
1442 4407 1529 4511 ille,
1551 4410 1632 4515 (uti

272 4518 389 4599 etiam
404 4518 628 4627 judicatum
638 4520 721 4603 'fuit
737 4550 759 4603 a
777 4524 902 4611 Curis
922 4525 1161 4608 Cassationis
1178 4558 1237 4609 21.
1253 4530 1396 4609 Octob.
1418 4528 1516 4639 1807
1534 4546 1632 4611 teste
