4517 5867
487 660 490 671 ’
602 701 848 775 assrousm
872 702 935 769 an
956 656 1125 791 Qunsr.
1152 706 1293 774 suain.
1589 705 1635 783 55

261 922 308 985 ut
325 904 562 1011 opinamur;
591 902 678 983 solo
704 903 812 981 enim
833 897 993 980 defectu
1019 898 1265 985 detentionis
1285 908 1483 1015 possessio
1505 909 1637 987 amitti

260 1046 412 1139 potest,
441 1054 490 1108 eo
521 1026 657 1137 quod,
677 1028 770 1107 licet
784 1026 890 1129 forte
912 1024 1092 1103 animum
1114 1031 1349 1133 possidendi
1366 1060 1451 1111 non
1473 1032 1637 1112 dimise·

172 1151 175 1159 ’
261 1154 336 1253 rit,
356 1151 424 1231 ille
440 1153 597 1232 animus
610 1150 660 1231 ad
675 1146 928 1227 retinendam
947 1148 1243 1254 possessionem
1257 1166 1317 1227 est
1336 1152 1541 1252 inefficax,
1558 1155 1637 1233 nisi

262 1278 317 1355 sit
345 1278 422 1383 ipsi
444 1276 575 1353 adhuc
600 1270 779 1370 facultas,
810 1299 896 1351 rem
921 1272 1072 1351 iterum
1095 1299 1267 1380 corpore
1286 1271 1639 1380 apprehendendi;
1753 1302 1757 1308 ·

260 1398 342 1505 jam
364 1410 499 1473 autem
519 1410 660 1472 nostro
682 1394 725 1470 in
753 1404 845 1473 casu
871 1393 984 1475 deest
1005 1398 1082 1502 ipsi
1104 1397 1237 1475 omnis
1262 1395 1443 1477 detentio
1470 1424 1545 1475 nec
1570 1396 1640 1473 ha·
1698 1480 1702 1487 ,

262 1518 334 1597 bet
352 1515 525 1622 amplius
546 1514 794 1617 facultatem,
815 1546 901 1597 rem
921 1520 1070 1599 iterum
1089 1548 1261 1628 corpore
1287 1518 1640 1628 apprehendendi,

264 1656 405 1749 utpote
436 1655 497 1718 est
524 1666 588 1719 res
601 1637 797 1742 mobilis,
824 1668 908 1719 non
934 1659 1067 1748 potest
1095 1642 1257 1723 adeam
1282 1642 1415 1722 redire
1448 1660 1489 1723 et
1519 1670 1640 1722 occu·

264 1742 697 1873 patorem⁸expellere3
720 1762 839 1843 desiit
856 1763 981 1892 igitur
1004 1791 1091 1843 rem
1111 1766 1155 1843 in
1183 1780 1379 1871 potestate
1407 1763 1586 1854 habere,¹
1602 1779 1644 1842 et

263 1885 437 1993 proinde
457 1886 576 1965 etiam
593 1886 809 1994 possidere:
830 1888 1093 1994 Quapropter
1111 1903 1374 1991 agnoscentes
1393 1887 1643 1966 antinoniam

266 2008 372 2086 inter
394 2007 432 2088 d.
453 2010 496 2087 L.
516 2008 568 2117 47
591 2026 631 2086 et
649 2007 686 2087 d.
710 2010 752 2086 L.
773 2008 859 2107 3,§
885 2007 952 2107 18,
970 2026 1161 2114 putamus
1180 2008 1291 2087 illam
1313 2035 1397 2088 non
1423 2031 1521 2086 vero
1541 2006 1644 2081 hanc

259 2130 312 2215 in
338 2128 563 2209 decidenda
590 2130 813 2239 quaestione
833 2130 948 2237 sequi
977 2130 1137 2211 debere.
1165 2133 1251 2210 Nec
1272 2130 1382 2209 dicat
1398 2120 1516 2237 quis,
1532 2122 1646 2235 quod

269 2251 378 2356 leges
404 2250 668 2330 conciliandae
691 2252 794 2353 sint,
815 2251 1009 2364 quodque
1033 2256 1075 2331 L.
1098 2253 1149 2355 47
1173 2253 1378 2331 conciliari
1406 2252 1532 2353 possit
1552 2276 1646 2326 cum

268 2375 311 2452 L.
333 2372 380 2473 3,
400 2381 426 2476 ς
452 2374 517 2476 18,
537 2374 711 2454 diceudo
731 2398 823 2449 cum
837 2375 1061 2459 Maunrssru
1081 2373 1162 2478 (r),
1181 2372 1327 2452 sctum
1346 2371 1391 2449 in
1408 2372 1451 2447 L.
1477 2370 1529 2476 47
1558 2395 1648 2474 sup

268 2522 444 2602 ponere,
463 2492 632 2591 factum,
660 2520 743 2601 quo
772 2492 1038 2601 depositarius
1066 2524 1153 2575 rem
1176 2495 1268 2574 loco
1291 2495 1464 2573 movisse
1492 2495 1647 2572 censeri

268 2616 415 2719 debet,
434 2617 699 2725 praecessisse,
720 2614 820 2695 dum
839 2617 917 2695 sibi
939 2619 1184 2699 inanimum
1212 2619 1444 2714 induceret,
1467 2644 1556 2695 rem
1575 2614 1647 2693 de·

271 2742 444 2850 positam
468 2767 552 2819 non
573 2737 755 2819 reddere.
774 2740 878 2819 Nam
896 2740 1010 2850 quod
1034 2740 1125 2822 duae
1143 2740 1221 2821 illae
1233 2741 1341 2847 leges
1363 2742 1421 2819 sio
1444 2736 1649 2820 conciliari

269 2890 357 2943 non
384 2864 556 2969 possint,
587 2877 697 2968 patet
725 2888 775 2939 ex
801 2888 872 2962 eo,
901 2864 1015 2967 quod
1043 2864 1122 2937 hoo
1144 2861 1418 2963 supponendo
1446 2860 1561 2933 fieret
1585 2858 1650 2934 de·

270 2987 490 3089 positarius
519 2986 563 3057 in
586 2986 629 3057 L.
652 2984 703 3087 47
730 3004 935 3086 possessor
964 2980 1023 3058 rei
1045 2978 1252 3088 depositae,
1270 2979 1351 3086 jam
1377 2994 1513 3059 autem
1537 2975 1651 3086 quod

270 3106 393 3194 ,lCtus
405 3103 482 3183 tale
495 3102 642 3183 lactum
662 3104 909 3210 praecessisse
924 3102 1456 3215 nonsupponat,quodque
1475 3099 1651 3211 proinde

272 3218 539 3334 depositarius
558 3252 643 3303 non
663 3224 731 3303 liat
749 3252 955 3333 possessor
974 3229 1033 3305 rei
1055 3224 1266 3334 depositae,
1290 3228 1516 3307 luculenter
1542 3241 1653 3333 patet

272 3376 321 3428 ex
341 3350 524 3458 iis,quae
552 3348 675 3427 JCtus
704 3366 841 3456 postea
868 3349 1025 3457 adjicit;
1055 3369 1262 3459 comparat
1287 3351 1397 3429 enim
1417 3375 1575 3443 casum,
1601 3343 1653 3422 de

274 3499 357 3579 quo
388 3472 539 3577 agitur,
572 3494 665 3545 cum
695 3495 788 3547 casu
815 3470 888 3550 ubi
917 3473 1010 3580 quis
1036 3475 1184 3555 amittit
1212 3471 1534 3580 possessionem,
1561 3466 1656 3543 licet

274 3618 397 3673 neruo
417 3590 518 3669 alius
537 3618 625 3669 eam
649 3593 963 3702 acquirat„nam
981 3598 1035 3675 ita
1055 3599 1317 3701 prosequitur
1338 3623 1348 3675 z
1367 3590 1482 3692 cujus
1503 3586 1562 3663 rei
1582 3582 1657 3665 for·

276 3717 378 3795 sitan
397 3714 464 3793 illa
477 3714 582 3793 ratio
596 3730 671 3815 est,
682 3715 797 3824 quod
810 3743 948 3795 rerum
958 3715 1178 3797 mobilium
1189 3712 1368 3819 neglecta
1379 3726 1500 3818 atque
1514 3712 1656 3790 amissa
1790 3784 1796 3798 ,

278 3838 487 3937 custodia,
520 3840 706 3947 quamvis
734 3866 801 3919 eas
831 3868 953 3919 nemo
979 3842 1195 3939 invaserit,
1220 3837 1367 3916 veteris
1395 3833 1659 3943 possessionis

279 3960 471 4061 damnum
490 3958 648 4041 adferre
670 3964 893 4043 consuevit.
914 3960 1034 4042 Unde
1056 3960 1263 4041 manifeste
1278 3956 1439 4039 videtur
1460 3956 1580 4037 nobis
1597 3982 1658 4037 se·

281 4085 371 4191 qui,
389 4084 536 4165 tetum
547 4114 631 4165 non
643 4112 873 4197 supponere
894 4085 1044 4165 factum
1054 4085 1324 4193 praecessisse,
1345 4081 1445 4163 dum
1464 4079 1660 4186 deposita·

280 4204 364 4283 rius
383 4204 655 4285 constituebat
668 4203 897 4313 depositum
916 4234 1001 4286 non
1022 4200 1318 4304 reddere30um
1326 4206 1420 4287 alias
1429 4201 1540 4283 nulla
1549 4193 1660 4276 dare·

284 4341 352 4401 tur
373 4329 474 4405 ratio
489 4328 748 4433 comparandi
758 4344 943 4411 nostrum
954 4356 1091 4411 casum
1102 4358 1196 4409 cum
1207 4325 1661 4438 eo,de·quoi‚nsequen·

285 4447 395 4526 tibus
409 4474 541 4529 sermo
560 4466 629 4531 est
646 4450 726 4531 Sed
737 4469 890 4560 quaeret
903 4457 995 4563 quis
1010 4482 1020 4533 ε
1033 4482 1084 4535 an
1100 4482 1200 4562 ergo
1213 4449 1479 4562 depositarius
1499 4445 1583 4527 sola
1598 4446 1661 4525 in·

329 4640 376 4729 (ἡ
400 4640 496 4707 Tom.
517 4642 564 4723 V,
584 4664 655 4732 pag.
676 4644 745 4709 132.
770 4632 775 4643 ’
