4517 5867
586 570 638 695 50¹
974 616 1134 690 rmus.
1160 614 1250 686 sse.
1275 614 1567 689 scnonnssrr

455 818 466 839 ⁶
586 849 699 927 mus,
718 824 863 921 si‚rem
892 844 969 926 pro
997 790 1190 899 derelicta
1211 816 1456 916 habeamus,
1479 834 1527 895 ut
1548 818 1581 896 si
1602 814 1706 925 quid
1727 817 1769 897 in
1786 820 1965 928 plateam

584 949 793 1058 jaciamus,
808 945 905 1051 quia
924 940 1026 1020 illud
1043 936 1250 1046 possidere
1268 939 1535 1044 nonsmplius
1548 938 1738 1021 volumus
1751 969 1963 1054 ;qnocasu

587 1072 786 1155 amittitur
814 1062 1013 1171 possessio
1045 1062 1181 1141 animo
1209 1078 1250 1141 et
1272 1086 1456 1169 corpore.
1484 1066 1539 1137 At
1565 1081 1702 1166 potest
1735 1067 1856 1146 etiam
1881 1069 1963 1149 hoc

588 1189 714 1275 modo
734 1185 822 1267 solo
842 1185 978 1265 animo
998 1185 1127 1267 amitti
1147 1188 1367 1293 possessio,
1389 1200 1437 1262 ut
1458 1183 1555 1262 siin
1576 1180 1704 1263 fundo
1722 1190 1776 1268 sis
1797 1208 1838 1270 et
1857 1192 1963 1271 nolis

587 1342 682 1399 eum
698 1308 920 1423 possidere,
939 1310 1127 1420 protinus
1140 1311 1292 1390 amittis
1313 1310 1611 1418 possessionem
1628 1309 1673 1387 Ia
1686 1306 1762 1413 3,§
1783 1309 1864 1391 lili.
1876 1317 1914 1393 h.
1930 1334 1962 1395 t

590 1444 695 1523 Hinc
718 1453 828 1547 patet
851 1436 1101 1535 differentia,
1127 1462 1220 1544 quae
1241 1434 1350 1514 hunc
1368 1438 1476 1514 inter
1490 1451 1532 1514 et
1550 1433 1838 1543 precedentem
1850 1440 1962 1517 amit·

589 1562 702 1646 tendi
730 1559 1024 1669 possessionem
1055 1556 1226 1638 modum
1254 1557 1443 1662 habetur,
1470 1558 1584 1669 qnod
1617 1558 1683 1638 ille
1706 1588 1853 1669 nempe
1884 1566 1958 1673 qui

590 1714 677 1767 rem
690 1684 756 1763 alii
781 1680 905 1759 tradit
924 1682 1060 1757 animo
1081 1678 1348 1760 transferendi
1374 1682 1412 1759 ei
1431 1684 1746 1790 possessionem,
1763 1712 1851 1762 non
1870 1688 1966 1765 alias

590 1836 677 1889 earn
698 1822 905 1885 censeatur
923 1802 1026 1883 velle
1046 1804 1249 1905 amittere,
1268 1832 1393 1913 quam
1414 1804 1447 1883 si
1465 1804 1567 1885 alter
1586 1835 1677 1888 eam
1692 1809 1957 1919 acquisiverit,

590 1932 659 2015 ille
676 1948 829 2031 autern,
851 1929 923 2039 qui
944 1954 1030 2009 rem
1048 1954 1124 2037 pro
1144 1927 1336 2009 derelicti
1353 1920 1497 2028 habet',
1515 1931 1606 2010 vult
1625 1959 1716 2011 eam
1731 1932 1960 2042 simpliciter

592 2058 771 2139 amittere
790 2053 1026 2165 nullamque
1044 2051 1327 2134 conditionem
1346 2052 1623 2162 subintelligit

1041 2298 1236 2373 SECTIO
1254 2298 1513 2374 SECUNDA„
1549 2371 1552 2372 γ

804 2504 1012 2615 Quomodo
1031 2506 1247 2585 amittatur
1255 2507 1444 2614 possessio
1459 2506 1573 2585 nobis
1592 2508 1757 2583 sarriri?

644 2772 833 2855 Vidimus
853 2772 896 2853 in
916 2772 1377 2881 praesentissime,
1401 2771 1658 2851 amissionem
1679 2774 1965 2880 possessionis,

595 2928 685 3010 quae
708 2900 751 2975 lit
779 2897 899 2975 nohis
918 2889 1174 2995 volentibus,
1202 2888 1359 2974 duabus
1386 2912 1542 2972 tantum
1571 2923 1621 2971 os
1649 2899 1777 2973 causis
1807 2902 1963 2977 contin·

593 3049 707 3129 gere,
733 3016 798 3099 vel
823 3043 968 3126 nempe
999 3018 1097 3127 quia
1118 3044 1206 3099 rem
1236 3015 1303 3095 alii
1332 3012 1545 3113 tradimus,
1572 3014 1636 3095 vel
1659 3017 1752 3125 quia
1775 3046 1865 3097 rem
1887 3048 1962 3127 pro

596 3142 785 3226 derelicti
806 3141 1021 3240 habemus;
1046 3170 1190 3223 verum
1213 3158 1349 3221 autem
1372 3142 1653 3237 amissionem,
1671 3168 1762 3251 quae
1779 3141 1826 3221 lit
1847 3143 1967 3222 nobis

595 3268 752 3366 invitis,
771 3265 958 3376 pluribus
979 3294 1028 3347 ex
1049 3267 1180 3347 causis
1197 3265 1435 3371 contingere
1454 3291 1592 3373 posse,
1613 3281 1723 3373 patet
1741 3292 1792 3353 ex
1804 3294 1970 3376 sequen·
2012 3356 2020 3380 Ι

593 3392 713 3473 tibus.
733 3392 936 3503 Imprimis
950 3419 997 3472 ex
1018 3391 1275 3486 definitione,
1292 3417 1418 3498 quam
1435 3389 1487 3464 do
1506 3392 1761 3493 possessione
1775 3392 1968 3493 sistimus,

593 3520 798 3623 sequitur,
818 3544 906 3597 earn
926 3518 1056 3599 amitti
1078 3514 1239 3601 debere.
1249 3514 1384 3595 statim
1407 3538 1452 3589 sc
1472 3536 1537 3590 res
1557 3511 1759 3591 eximatur
1780 3539 1968 3593 commer-

594 3638 674 3738 cio,
693 3650 740 3714 ut
758 3634 793 3713 si
811 3634 910 3715 lacta
927 3644 979 3717 sit
992 3668 1100 3717 sacra
1117 3657 1188 3715 sut
1200 3635 1410 3739 religiosa,
1427 3635 1523 3715 item
1544 3636 1579 3714 si
1592 3662 1731 3717 servus
1751 3638 1967 3717 manumit2

593 3775 719 3857 tatur,
738 3758 878 3839 talium
898 3761 1008 3839 enim
1034 3786 1172 3841 rerum
1195 3756 1306 3837 nulla
1330 3757 1570 3864 intelligitur
1588 3760 1783 3868 possessio
1794 3769 1813 3855 ‚'
1824 3760 1864 3837 L.
1888 3756 1942 3839 30
1952 3800 1968 3856 ,·

594 3882 705 3979 §ret
725 3884 756 3981 d'
772 3882 810 3961 ll.
831 3882 870 3962 h.
889 3900 935 3985 t,
950 3881 1014 3965 vel
1033 3885 1066 3965 si
1085 3908 1260 3993 persona
1281 3883 1521 3989 possessoris
1539 3900 1671 3993 postea
1693 3879 1744 3961 ad
1762 3880 1968 3989 possiden·

595 4006 694 4087 dum
719 4005 788 4085 fiat
813 4007 1025 4105 inhabilis,
1046 4026 1146 4117 puta
1172 4003 1288 4116 quod
1314 4006 1359 4085 in
1382 4005 1547 4087 alterius
1564 4022 1804 4117 potestatem
1816 4002 1966 4119 perve-

595 4132 723 4225 nerit,
737 4158 830 4213 nam
843 4132 898 4235 is,
911 4135 982 4244 qui
994 4132 1045 4213 nb
1065 4134 1145 4214 alio
1159 4131 1409 4241 possidetur,
1420 4161 1504 4211 non
1515 4149 1651 4241 potest
1667 4130 1797 4211 videri
1815 4126 1967 4240 aliquid

595 4250 802 4357 possidere
819 4258 861 4338 L.
882 4256 956 4356 30,
976 4263 1002 4357 §
1026 4282 1061 4352 1,
1082 4258 1126 4333 L.
1146 4254 1215 4357 23,
1237 4260 1262 4355 §
1290 4284 1303 4333 1
1328 4254 1371 4333 ff.
1390 4256 1428 4333 h.
1451 4271 1479 4333 t.
1502 4257 1718 4335 Amittitur
1740 4248 1860 4334 etiarn
1878 4281 1970 4362 pos-

598 4374 738 4477 sessio,
758 4376 792 4453 si
811 4400 875 4453 res
893 4377 1013 4457 luerit
1034 4376 1237 4481 publicata
1257 4380 1391 4457 autin
1415 4376 1532 4455 aliam
1556 4378 1735 4484 speciem
1763 4376 1971 4469 translata,

596 4489 721 4570 veluti
740 4498 1024 4579 vestimentum
1041 4524 1089 4577 ex
1110 4498 1199 4576 land
1211 4498 1358 4579 factum
1376 4500 1418 4579 L.
1439 4496 1515 4603 30,
1534 4502 1559 4597 §
1575 4499 1602 4594 d
1621 4496 1661 4577 fl.
1682 4499 1719 4576 h.
1739 4516 1784 4595 t.‚
1796 4501 1895 4577 item
1914 4495 1969 4575 ob
