<?xml version="1.0" encoding="UTF-8"?>
<!DOCTYPE html PUBLIC "-//W3C//DTD XHTML 1.0 Transitional//EN"
    "http://www.w3.org/TR/xhtml1/DTD/xhtml1-transitional.dtd">
<html xmlns="http://www.w3.org/1999/xhtml" xml:lang="en" lang="en">
 <head>
  <title>
</title>
<meta http-equiv="Content-Type" content="text/html;charset=utf-8" />
  <meta name='ocr-system' content='tesseract 3.04.00' />
  <meta name='ocr-capabilities' content='ocr_page ocr_carea ocr_par ocr_line ocrx_word'/>
</head>
<body>
  <div class='ocr_page' id='page_1' title='image "annalesacademia01goog_0388.png"; bbox 0 0 4517 5867; ppageno 0'>
   <div class='ocr_carea' id='block_1_1' title="bbox 595 652 1562 755">
    <p class='ocr_par' dir='ltr' id='par_1_1' title="bbox 595 652 1562 755">
     <span class='ocr_line' id='line_1_1' title="bbox 595 652 1562 755; baseline -0.004 -28"><span class='ocrx_word' id='word_1_1' title='bbox 595 666 642 753; x_wconf 70' lang='lat'>34</span> <span class='ocrx_word' id='word_1_2' title='bbox 979 654 1135 755; x_wconf 71' lang='lat' dir='ltr'>moue.</span> <span class='ocrx_word' id='word_1_3' title='bbox 1159 652 1250 721; x_wconf 74' lang='lat' dir='ltr'>stc.</span> <span class='ocrx_word' id='word_1_4' title='bbox 1274 652 1562 723; x_wconf 77' lang='lat' dir='ltr'><strong>SCHOLLAERT</strong></span> 
     </span>
    </p>
   </div>
   <div class='ocr_carea' id='block_1_2' title="bbox 506 830 2046 2413">
    <p class='ocr_par' dir='ltr' id='par_1_2' title="bbox 506 830 2046 2413">
     <span class='ocr_line' id='line_1_2' title="bbox 608 830 1981 955; baseline -0.001 -32"><span class='ocrx_word' id='word_1_5' title='bbox 608 843 718 955; x_wconf 87' lang='lat' dir='ltr'>quiri</span> <span class='ocrx_word' id='word_1_6' title='bbox 741 860 881 947; x_wconf 86' lang='lat' dir='ltr'>posse,·</span> <span class='ocrx_word' id='word_1_7' title='bbox 904 849 944 913; x_wconf 81' lang='lat' dir='ltr'>at</span> <span class='ocrx_word' id='word_1_8' title='bbox 962 835 1160 943; x_wconf 79' lang='lat' dir='ltr'>possessio</span> <span class='ocrx_word' id='word_1_9' title='bbox 1183 846 1243 911; x_wconf 85' lang='lat' dir='ltr'>est</span> <span class='ocrx_word' id='word_1_10' title='bbox 1261 830 1373 929; x_wconf 80' lang='lat' dir='ltr'>freti,</span> <span class='ocrx_word' id='word_1_11' title='bbox 1393 832 1624 939; x_wconf 77' lang='lat' dir='ltr'>factumque</span> <span class='ocrx_word' id='word_1_12' title='bbox 1643 834 1878 939; x_wconf 88' lang='lat' dir='ltr'>possidendi</span> <span class='ocrx_word' id='word_1_13' title='bbox 1902 869 1981 921; x_wconf 89' lang='lat' dir='ltr'>ne-</span> 
     </span>
     <span class='ocr_line' id='line_1_3' title="bbox 604 948 1992 1065; baseline -0.003 -16"><span class='ocrx_word' id='word_1_14' title='bbox 604 964 778 1051; x_wconf 82' lang='lat' dir='ltr'>cessario</span> <span class='ocrx_word' id='word_1_15' title='bbox 794 958 991 1060; x_wconf 83' lang='lat' dir='ltr'>continet,</span> <span class='ocrx_word' id='word_1_16' title='bbox 1010 956 1122 1036; x_wconf 90' lang='lat' dir='ltr'>unde</span> <span class='ocrx_word' id='word_1_17' title='bbox 1142 954 1208 1051; x_wconf 83' lang='lat' dir='ltr'>fit,</span> <span class='ocrx_word' id='word_1_18' title='bbox 1226 972 1272 1035; x_wconf 89' lang='lat' dir='ltr'>ut</span> <span class='ocrx_word' id='word_1_19' title='bbox 1291 957 1386 1035; x_wconf 85' lang='lat' dir='ltr'>siue</span> <span class='ocrx_word' id='word_1_20' title='bbox 1398 955 1536 1065; x_wconf 78' lang='lat' dir='ltr'>aliquo</span> <span class='ocrx_word' id='word_1_21' title='bbox 1555 952 1660 1033; x_wconf 80' lang='lat' dir='ltr'>facto</span> <span class='ocrx_word' id='word_1_22' title='bbox 1680 975 1839 1061; x_wconf 70' lang='lat' dir='ltr'>nostro,</span> <span class='ocrx_word' id='word_1_23' title='bbox 1856 948 1992 1045; x_wconf 61' lang='lat' dir='ltr'>adeo&#39;i&#39;</span> 
     </span>
     <span class='ocr_line' id='line_1_4' title="bbox 606 1076 1986 1199; baseline -0.004 -31"><span class='ocrx_word' id='word_1_24' title='bbox 606 1115 686 1199; x_wconf 90' lang='lat' dir='ltr'>que</span> <span class='ocrx_word' id='word_1_25' title='bbox 715 1084 802 1164; x_wconf 89' lang='lat' dir='ltr'>sine</span> <span class='ocrx_word' id='word_1_26' title='bbox 825 1078 960 1189; x_wconf 73' lang='lat' dir='ltr'>atiquo</span> <span class='ocrx_word' id='word_1_27' title='bbox 982 1078 1119 1159; x_wconf 78' lang='lat' dir='ltr'>nostrd</span> <span class='ocrx_word' id='word_1_28' title='bbox 1140 1077 1374 1186; x_wconf 87' lang='lat' dir='ltr'>possidendi</span> <span class='ocrx_word' id='word_1_29' title='bbox 1395 1076 1606 1156; x_wconf 84' lang='lat' dir='ltr'>voluntate</span> <span class='ocrx_word' id='word_1_30' title='bbox 1626 1078 1839 1185; x_wconf 86' lang='lat' dir='ltr'>possidere</span> <span class='ocrx_word' id='word_1_31' title='bbox 1865 1086 1986 1173; x_wconf 83' lang='lat' dir='ltr'>intel·</span> 
     </span>
     <span class='ocr_line' id='line_1_5' title="bbox 604 1198 1985 1317; baseline -0.004 -25"><span class='ocrx_word' id='word_1_32' title='bbox 604 1210 675 1317; x_wconf 77' lang='lat' dir='ltr'>ligi</span> <span class='ocrx_word' id='word_1_33' title='bbox 693 1232 777 1287; x_wconf 89' lang='lat' dir='ltr'>nou</span> <span class='ocrx_word' id='word_1_34' title='bbox 796 1204 1009 1313; x_wconf 88' lang='lat' dir='ltr'>possimus.</span> <span class='ocrx_word' id='word_1_35' title='bbox 1019 1202 1263 1305; x_wconf 82' lang='lat' dir='ltr'>Tenendum</span> <span class='ocrx_word' id='word_1_36' title='bbox 1277 1203 1414 1310; x_wconf 75' lang='lat' dir='ltr'>itaque</span> <span class='ocrx_word' id='word_1_37' title='bbox 1436 1198 1702 1303; x_wconf 74' lang='lat' dir='ltr'><strong>arbitramur,</strong></span> <span class='ocrx_word' id='word_1_38' title='bbox 1716 1203 1879 1312; x_wconf 88' lang='lat' dir='ltr'>quodsi</span> <span class='ocrx_word' id='word_1_39' title='bbox 1900 1235 1985 1313; x_wconf 85' lang='lat' dir='ltr'>pos·</span> 
     </span>
     <span class='ocr_line' id='line_1_6' title="bbox 609 1323 1985 1438; baseline -0.002 -25"><span class='ocrx_word' id='word_1_40' title='bbox 609 1332 731 1413; x_wconf 83' lang='lat' dir='ltr'>sessio</span> <span class='ocrx_word' id='word_1_41' title='bbox 751 1328 828 1409; x_wconf 75' lang='lat' dir='ltr'>alis</span> <span class='ocrx_word' id='word_1_42' title='bbox 846 1354 896 1407; x_wconf 83' lang='lat' dir='ltr'>ex</span> <span class='ocrx_word' id='word_1_43' title='bbox 914 1327 1032 1407; x_wconf 75' lang='lat' dir='ltr'>causi</span> <span class='ocrx_word' id='word_1_44' title='bbox 1053 1352 1177 1437; x_wconf 84' lang='lat' dir='ltr'>quom</span> <span class='ocrx_word' id='word_1_45' title='bbox 1198 1351 1246 1403; x_wconf 84' lang='lat' dir='ltr'>ex</span> <span class='ocrx_word' id='word_1_46' title='bbox 1260 1323 1451 1432; x_wconf 81' lang='lat' dir='ltr'><strong>peculiari</strong></span> <span class='ocrx_word' id='word_1_47' title='bbox 1466 1324 1646 1423; x_wconf 84' lang='lat' dir='ltr'>oriatur,</span> <span class='ocrx_word' id='word_1_48' title='bbox 1663 1326 1847 1432; x_wconf 83' lang='lat' dir='ltr'>specialis</span> <span class='ocrx_word' id='word_1_49' title='bbox 1864 1333 1985 1438; x_wconf 79' lang='lat' dir='ltr'>patris</span> 
     </span>
     <span class='ocr_line' id='line_1_7' title="bbox 610 1448 1984 1556; baseline -0.002 -21"><span class='ocrx_word' id='word_1_50' title='bbox 610 1470 681 1535; x_wconf 81' lang='lat' dir='ltr'>sut</span> <span class='ocrx_word' id='word_1_51' title='bbox 707 1450 864 1533; x_wconf 90' lang='lat' dir='ltr'>domini</span> <span class='ocrx_word' id='word_1_52' title='bbox 887 1449 1073 1531; x_wconf 77' lang='lat' dir='ltr'>voluntas</span> <span class='ocrx_word' id='word_1_53' title='bbox 1102 1448 1419 1546; x_wconf 69' lang='lat' dir='ltr'>necessarioris,</span> <span class='ocrx_word' id='word_1_54' title='bbox 1445 1449 1569 1526; x_wconf 87' lang='lat' dir='ltr'>etsie</span> <span class='ocrx_word' id='word_1_55' title='bbox 1595 1452 1868 1556; x_wconf 74' lang='lat' dir='ltr'>temperandae</span> <span class='ocrx_word' id='word_1_56' title='bbox 1888 1470 1984 1532; x_wconf 90' lang='lat' dir='ltr'>sunt</span> 
     </span>
     <span class='ocr_line' id='line_1_8' title="bbox 607 1552 1985 1683; baseline -0.004 -26"><span class='ocrx_word' id='word_1_57' title='bbox 607 1578 650 1657; x_wconf 92' lang='lat' dir='ltr'>L.</span> <span class='ocrx_word' id='word_1_58' title='bbox 671 1574 772 1678; x_wconf 81' lang='lat'>10‚§</span> <span class='ocrx_word' id='word_1_59' title='bbox 791 1600 816 1654; x_wconf 80' lang='lat' dir='ltr'>n</span> <span class='ocrx_word' id='word_1_60' title='bbox 835 1570 875 1651; x_wconf 77' lang='lat' dir='ltr'>ff.</span> <span class='ocrx_word' id='word_1_61' title='bbox 899 1571 949 1653; x_wconf 89' lang='lat' dir='ltr'>de</span> <span class='ocrx_word' id='word_1_62' title='bbox 969 1600 1052 1683; x_wconf 88' lang='lat' dir='ltr'>aeq.</span> <span class='ocrx_word' id='word_1_63' title='bbox 1074 1599 1153 1653; x_wconf 87' lang='lat' dir='ltr'>rer.</span> <span class='ocrx_word' id='word_1_64' title='bbox 1170 1570 1280 1652; x_wconf 91' lang='lat' dir='ltr'>dom.</span> <span class='ocrx_word' id='word_1_65' title='bbox 1297 1572 1342 1649; x_wconf 91' lang='lat' dir='ltr'>L.</span> <span class='ocrx_word' id='word_1_66' title='bbox 1356 1570 1426 1672; x_wconf 72' lang='lat'>34,</span> <span class='ocrx_word' id='word_1_67' title='bbox 1442 1570 1469 1665; x_wconf 78' lang='lat'>§</span> <span class='ocrx_word' id='word_1_68' title='bbox 1486 1567 1558 1649; x_wconf 84' lang='lat' dir='ltr'>ult</span> <span class='ocrx_word' id='word_1_69' title='bbox 1578 1568 1619 1647; x_wconf 84' lang='lat' dir='ltr'>ff.</span> <span class='ocrx_word' id='word_1_70' title='bbox 1637 1552 1718 1649; x_wconf 60' lang='lat' dir='ltr'>ht</span> <span class='ocrx_word' id='word_1_71' title='bbox 1738 1571 1905 1681; x_wconf 75' lang='lat' dir='ltr'>aliaeque</span> <span class='ocrx_word' id='word_1_72' title='bbox 1923 1572 1985 1652; x_wconf 89' lang='lat' dir='ltr'>le-</span> 
     </span>
     <span class='ocr_line' id='line_1_9' title="bbox 506 1693 1987 1808; baseline -0.005 -27"><span class='ocrx_word' id='word_1_73' title='bbox 506 1734 518 1752; x_wconf 70' lang='grc'><em>’</em></span> <span class='ocrx_word' id='word_1_74' title='bbox 613 1728 703 1807; x_wconf 86' lang='lat' dir='ltr'>ges,</span> <span class='ocrx_word' id='word_1_75' title='bbox 721 1725 811 1808; x_wconf 84' lang='lat' dir='ltr'>quae</span> <span class='ocrx_word' id='word_1_76' title='bbox 838 1697 1085 1776; x_wconf 80' lang='lat' dir='ltr'>contrarium</span> <span class='ocrx_word' id='word_1_77' title='bbox 1105 1694 1256 1775; x_wconf 79' lang='lat' dir='ltr'>hebere</span> <span class='ocrx_word' id='word_1_78' title='bbox 1280 1693 1481 1774; x_wconf 85' lang='lat' dir='ltr'>videntur.</span> <span class='ocrx_word' id='word_1_79' title='bbox 1508 1693 1709 1773; x_wconf 84' lang='lat' dir='ltr'>Caeterum</span> <span class='ocrx_word' id='word_1_80' title='bbox 1728 1723 1777 1774; x_wconf 84' lang='lat' dir='ltr'>ex</span> <span class='ocrx_word' id='word_1_81' title='bbox 1801 1724 1851 1774; x_wconf 91' lang='lat' dir='ltr'>eo</span> <span class='ocrx_word' id='word_1_82' title='bbox 1874 1696 1987 1805; x_wconf 89' lang='lat' dir='ltr'>quod</span> 
     </span>
     <span class='ocr_line' id='line_1_10' title="bbox 611 1817 1987 1927; baseline -0.003 -25"><span class='ocrx_word' id='word_1_83' title='bbox 611 1823 811 1918; x_wconf 78' lang='lat' dir='ltr'>diximus,</span> <span class='ocrx_word' id='word_1_84' title='bbox 840 1821 1134 1927; x_wconf 88' lang='lat' dir='ltr'>possessionem</span> <span class='ocrx_word' id='word_1_85' title='bbox 1161 1846 1212 1897; x_wconf 84' lang='lat' dir='ltr'>ex</span> <span class='ocrx_word' id='word_1_86' title='bbox 1238 1817 1401 1925; x_wconf 86' lang='lat' dir='ltr'>peculio</span> <span class='ocrx_word' id='word_1_87' title='bbox 1434 1834 1566 1897; x_wconf 74' lang='lat' dir='ltr'>ortam</span> <span class='ocrx_word' id='word_1_88' title='bbox 1591 1819 1695 1926; x_wconf 83' lang='lat' dir='ltr'>petri</span> <span class='ocrx_word' id='word_1_89' title='bbox 1726 1824 1796 1898; x_wconf 77' lang='lat' dir='ltr'>eut</span> <span class='ocrx_word' id='word_1_90' title='bbox 1823 1818 1987 1898; x_wconf 90' lang='lat' dir='ltr'>domino</span> 
     </span>
     <span class='ocr_line' id='line_1_11' title="bbox 610 1940 1987 2050; baseline -0.002 -29"><span class='ocrx_word' id='word_1_91' title='bbox 610 1943 810 2047; x_wconf 85' lang='lat' dir='ltr'>ignoranti</span> <span class='ocrx_word' id='word_1_92' title='bbox 829 1942 1002 2050; x_wconf 78' lang='lat' dir='ltr'>acquiri,</span> <span class='ocrx_word' id='word_1_93' title='bbox 1021 1941 1118 2050; x_wconf 83' lang='lat' dir='ltr'>quia</span> <span class='ocrx_word' id='word_1_94' title='bbox 1136 1940 1285 2048; x_wconf 88' lang='lat' dir='ltr'>peculii</span> <span class='ocrx_word' id='word_1_95' title='bbox 1314 1942 1521 2020; x_wconf 84' lang='lat' dir='ltr'>concessio</span> <span class='ocrx_word' id='word_1_96' title='bbox 1536 1959 1740 2048; x_wconf 81' lang='lat' dir='ltr'>supponat</span> <span class='ocrx_word' id='word_1_97' title='bbox 1752 1942 1888 2022; x_wconf 86' lang='lat' dir='ltr'>saltem</span> <span class='ocrx_word' id='word_1_98' title='bbox 1901 1944 1987 2019; x_wconf 88' lang='lat' dir='ltr'>ani-</span> 
     </span>
     <span class='ocr_line' id='line_1_12' title="bbox 611 2064 1987 2168; baseline -0.016 -25"><span class='ocrx_word' id='word_1_99' title='bbox 611 2088 723 2143; x_wconf 89' lang='lat' dir='ltr'>mum</span> <span class='ocrx_word' id='word_1_100' title='bbox 736 2064 780 2137; x_wconf 91' lang='lat' dir='ltr'>in</span> <span class='ocrx_word' id='word_1_101' title='bbox 794 2090 959 2163; x_wconf 73' lang='lat' dir='ltr'>genere,</span> <span class='ocrx_word' id='word_1_102' title='bbox 971 2066 1107 2133; x_wconf 75' lang='lat' dir='ltr'>notari</span> <span class='ocrx_word' id='word_1_103' title='bbox 1128 2075 1287 2161; x_wconf 74' lang='lat' dir='ltr'>potest,</span> <span class='ocrx_word' id='word_1_104' title='bbox 1300 2082 1387 2132; x_wconf 93' lang='lat' dir='ltr'>non</span> <span class='ocrx_word' id='word_1_105' title='bbox 1405 2064 1525 2134; x_wconf 83' lang='lat' dir='ltr'>aliam</span> <span class='ocrx_word' id='word_1_106' title='bbox 1535 2074 1667 2167; x_wconf 72' lang='lat' dir='ltr'>‘quom</span> <span class='ocrx_word' id='word_1_107' title='bbox 1680 2064 1825 2166; x_wconf 69' lang='lat' dir='ltr'>justam</span> <span class='ocrx_word' id='word_1_108' title='bbox 1836 2067 1912 2168; x_wconf 79' lang='lat' dir='ltr'>ipsi</span> <span class='ocrx_word' id='word_1_109' title='bbox 1923 2090 1987 2139; x_wconf 49' lang='grc' dir='ltr'>ὃς.</span> 
     </span>
     <span class='ocr_line' id='line_1_13' title="bbox 614 2174 2046 2294; baseline -0.001 -33"><span class='ocrx_word' id='word_1_110' title='bbox 614 2184 720 2294; x_wconf 89' lang='lat' dir='ltr'>quiri</span> <span class='ocrx_word' id='word_1_111' title='bbox 740 2183 782 2259; x_wconf 92' lang='lat' dir='ltr'>L.</span> <span class='ocrx_word' id='word_1_112' title='bbox 807 2178 860 2275; x_wconf 74' lang='lat' dir='ltr'>nd</span> <span class='ocrx_word' id='word_1_113' title='bbox 881 2176 921 2256; x_wconf 81' lang='lat' dir='ltr'>ff.</span> <span class='ocrx_word' id='word_1_114' title='bbox 941 2176 980 2255; x_wconf 91' lang='lat' dir='ltr'>h.</span> <span class='ocrx_word' id='word_1_115' title='bbox 1001 2194 1051 2273; x_wconf 89' lang='lat' dir='ltr'>t.,</span> <span class='ocrx_word' id='word_1_116' title='bbox 1078 2202 1129 2255; x_wconf 88' lang='lat' dir='ltr'>eo</span> <span class='ocrx_word' id='word_1_117' title='bbox 1148 2174 1262 2285; x_wconf 90' lang='lat' dir='ltr'>quod</span> <span class='ocrx_word' id='word_1_118' title='bbox 1286 2175 1477 2256; x_wconf 89' lang='lat' dir='ltr'>dominus</span> <span class='ocrx_word' id='word_1_119' title='bbox 1502 2203 1589 2258; x_wconf 88' lang='lat' dir='ltr'>nou</span> <span class='ocrx_word' id='word_1_120' title='bbox 1617 2182 1743 2288; x_wconf 87' lang='lat' dir='ltr'>possit</span> <span class='ocrx_word' id='word_1_121' title='bbox 1764 2181 1930 2288; x_wconf 87' lang='lat' dir='ltr'>intelligi</span> <span class='ocrx_word' id='word_1_122' title='bbox 1952 2184 1989 2261; x_wconf 91' lang='lat' dir='ltr'>ei</span> <span class='ocrx_word' id='word_1_123' title='bbox 2034 2188 2046 2283; x_wconf 68' lang='lat' dir='ltr'>J</span> 
     </span>
     <span class='ocr_line' id='line_1_14' title="bbox 602 2299 1713 2413; baseline -0.005 -26"><span class='ocrx_word' id='word_1_124' title='bbox 602 2306 858 2387; x_wconf 83' lang='lat' dir='ltr'>eoncessisse</span> <span class='ocrx_word' id='word_1_125' title='bbox 877 2299 1107 2408; x_wconf 78' lang='lat' dir='ltr'>peculium,</span> <span class='ocrx_word' id='word_1_126' title='bbox 1124 2314 1173 2378; x_wconf 91' lang='lat' dir='ltr'>ut</span> <span class='ocrx_word' id='word_1_127' title='bbox 1193 2326 1243 2379; x_wconf 82' lang='lat' dir='ltr'>ex</span> <span class='ocrx_word' id='word_1_128' title='bbox 1261 2299 1457 2380; x_wconf 83' lang='lat' dir='ltr'>maleficio</span> <span class='ocrx_word' id='word_1_129' title='bbox 1475 2305 1713 2413; x_wconf 82' lang='lat' dir='ltr'>acquireret.</span> 
     </span>
    </p>
   </div>
   <div class='ocr_carea' id='block_1_3' title="bbox 619 2476 1994 2836">
    <p class='ocr_par' dir='ltr' id='par_1_3' title="bbox 619 2476 1994 2836">
     <span class='ocr_line' id='line_1_15' title="bbox 673 2476 1994 2589; baseline 0.001 -27"><span class='ocrx_word' id='word_1_130' title='bbox 673 2484 768 2563; x_wconf 84' lang='lat' dir='ltr'>Haec</span> <span class='ocrx_word' id='word_1_131' title='bbox 786 2479 838 2560; x_wconf 90' lang='lat' dir='ltr'>de</span> <span class='ocrx_word' id='word_1_132' title='bbox 858 2476 1105 2589; x_wconf 63' lang='lat' dir='ltr'>acquirendis</span> <span class='ocrx_word' id='word_1_133' title='bbox 1125 2480 1377 2587; x_wconf 88' lang='lat' dir='ltr'>possessione</span> <span class='ocrx_word' id='word_1_134' title='bbox 1394 2506 1468 2587; x_wconf 89' lang='lat' dir='ltr'>per</span> <span class='ocrx_word' id='word_1_135' title='bbox 1486 2507 1575 2576; x_wconf 92' lang='lat' dir='ltr'>eos,</span> <span class='ocrx_word' id='word_1_136' title='bbox 1598 2482 1668 2589; x_wconf 89' lang='lat' dir='ltr'>qui</span> <span class='ocrx_word' id='word_1_137' title='bbox 1690 2485 1879 2587; x_wconf 85' lang='lat' dir='ltr'>potestati</span> <span class='ocrx_word' id='word_1_138' title='bbox 1906 2511 1994 2563; x_wconf 89' lang='lat' dir='ltr'>nos·</span> 
     </span>
     <span class='ocr_line' id='line_1_16' title="bbox 619 2597 1990 2711; baseline -0.004 -25"><span class='ocrx_word' id='word_1_139' title='bbox 619 2622 688 2687; x_wconf 85' lang='lat' dir='ltr'>trae</span> <span class='ocrx_word' id='word_1_140' title='bbox 705 2602 874 2711; x_wconf 86' lang='lat' dir='ltr'>subjecti</span> <span class='ocrx_word' id='word_1_141' title='bbox 895 2616 1000 2679; x_wconf 91' lang='lat' dir='ltr'>sunt.</span> <span class='ocrx_word' id='word_1_142' title='bbox 1017 2599 1237 2679; x_wconf 83' lang='lat' dir='ltr'>Videamus</span> <span class='ocrx_word' id='word_1_143' title='bbox 1252 2626 1377 2701; x_wconf 71' lang='lat' dir='ltr'>nunc,</span> <span class='ocrx_word' id='word_1_144' title='bbox 1394 2597 1493 2708; x_wconf 90' lang='lat' dir='ltr'>quid</span> <span class='ocrx_word' id='word_1_145' title='bbox 1507 2601 1560 2678; x_wconf 89' lang='lat' dir='ltr'>sit</span> <span class='ocrx_word' id='word_1_146' title='bbox 1572 2599 1624 2677; x_wconf 92' lang='lat' dir='ltr'>de</span> <span class='ocrx_word' id='word_1_147' title='bbox 1644 2604 1905 2705; x_wconf 87' lang='lat' dir='ltr'>possessionis</span> <span class='ocrx_word' id='word_1_148' title='bbox 1923 2631 1990 2681; x_wconf 87' lang='lat' dir='ltr'>ac-</span> 
     </span>
     <span class='ocr_line' id='line_1_17' title="bbox 621 2722 1354 2836; baseline -0.012 -30"><span class='ocrx_word' id='word_1_149' title='bbox 621 2728 854 2836; x_wconf 88' lang='lat' dir='ltr'>quisitione,</span> <span class='ocrx_word' id='word_1_150' title='bbox 876 2751 965 2828; x_wconf 76' lang='lat' dir='ltr'>quse</span> <span class='ocrx_word' id='word_1_151' title='bbox 983 2722 1029 2801; x_wconf 91' lang='lat' dir='ltr'>fit</span> <span class='ocrx_word' id='word_1_152' title='bbox 1044 2750 1119 2825; x_wconf 88' lang='lat' dir='ltr'>per</span> <span class='ocrx_word' id='word_1_153' title='bbox 1137 2734 1354 2803; x_wconf 73' lang='lat' dir='ltr'>extraneos.</span> 
     </span>
    </p>
   </div>
   <div class='ocr_carea' id='block_1_4' title="bbox 622 2863 2085 4585">
    <p class='ocr_par' dir='ltr' id='par_1_4' title="bbox 622 2863 2085 4585">
     <span class='ocr_line' id='line_1_18' title="bbox 675 2863 2084 2991; baseline -0.001 -28"><span class='ocrx_word' id='word_1_154' title='bbox 675 2884 934 2990; x_wconf 84' lang='lat' dir='ltr'>Quamquam</span> <span class='ocrx_word' id='word_1_155' title='bbox 961 2876 1237 2957; x_wconf 89' lang='lat' dir='ltr'>firmissimum</span> <span class='ocrx_word' id='word_1_156' title='bbox 1255 2874 1366 2984; x_wconf 78' lang='lat' dir='ltr'>apud</span> <span class='ocrx_word' id='word_1_157' title='bbox 1391 2877 1594 2957; x_wconf 85' lang='lat' dir='ltr'>Romanos</span> <span class='ocrx_word' id='word_1_158' title='bbox 1613 2878 1817 2961; x_wconf 90' lang='lat' dir='ltr'>obtineret</span> <span class='ocrx_word' id='word_1_159' title='bbox 1841 2886 1994 2991; x_wconf 88' lang='lat' dir='ltr'>prinei·</span> <span class='ocrx_word' id='word_1_160' title='bbox 2074 2863 2084 2881; x_wconf 72' lang='grc'><em>’</em></span> 
     </span>
     <span class='ocr_line' id='line_1_19' title="bbox 626 3000 1994 3119; baseline 0.001 -35"><span class='ocrx_word' id='word_1_161' title='bbox 626 3010 764 3119; x_wconf 72' lang='lat' dir='ltr'>pium,</span> <span class='ocrx_word' id='word_1_162' title='bbox 778 3001 891 3115; x_wconf 91' lang='lat' dir='ltr'>quod</span> <span class='ocrx_word' id='word_1_163' title='bbox 903 3000 976 3081; x_wconf 91' lang='lat' dir='ltr'>uni</span> <span class='ocrx_word' id='word_1_164' title='bbox 996 3027 1069 3111; x_wconf 89' lang='lat' dir='ltr'>per</span> <span class='ocrx_word' id='word_1_165' title='bbox 1088 3000 1259 3079; x_wconf 80' lang='lat' dir='ltr'>alterum</span> <span class='ocrx_word' id='word_1_166' title='bbox 1270 3025 1356 3079; x_wconf 93' lang='lat' dir='ltr'>non</span> <span class='ocrx_word' id='word_1_167' title='bbox 1373 3000 1624 3107; x_wconf 68' lang='lat' dir='ltr'>aequitatum</span> <span class='ocrx_word' id='word_1_168' title='bbox 1638 3020 1843 3110; x_wconf 88' lang='lat' dir='ltr'>receptum</span> <span class='ocrx_word' id='word_1_169' title='bbox 1860 3022 1994 3085; x_wconf 86' lang='lat' dir='ltr'>tamen</span> 
     </span>
     <span class='ocr_line' id='line_1_20' title="bbox 626 3121 1999 3236; baseline -0.004 -25"><span class='ocrx_word' id='word_1_170' title='bbox 626 3146 728 3230; x_wconf 73' lang='lat' dir='ltr'>erat,</span> <span class='ocrx_word' id='word_1_171' title='bbox 744 3126 1038 3236; x_wconf 90' lang='lat' dir='ltr'>possessionem</span> <span class='ocrx_word' id='word_1_172' title='bbox 1056 3150 1130 3233; x_wconf 89' lang='lat' dir='ltr'>per</span> <span class='ocrx_word' id='word_1_173' title='bbox 1150 3121 1324 3202; x_wconf 86' lang='lat' dir='ltr'>alterum</span> <span class='ocrx_word' id='word_1_174' title='bbox 1346 3122 1498 3231; x_wconf 87' lang='lat' dir='ltr'>acquiri</span> <span class='ocrx_word' id='word_1_175' title='bbox 1519 3149 1647 3230; x_wconf 91' lang='lat' dir='ltr'>posse.</span> <span class='ocrx_word' id='word_1_176' title='bbox 1665 3126 1716 3203; x_wconf 88' lang='lat' dir='ltr'>Et</span> <span class='ocrx_word' id='word_1_177' title='bbox 1729 3152 1885 3228; x_wconf 70' lang='lat' dir='ltr'>revera,</span> <span class='ocrx_word' id='word_1_178' title='bbox 1904 3155 1999 3207; x_wconf 88' lang='lat' dir='ltr'>cum</span> 
     </span>
     <span class='ocr_line' id='line_1_21' title="bbox 626 3244 2085 3358; baseline -0.001 -27"><span class='ocrx_word' id='word_1_179' title='bbox 626 3250 703 3339; x_wconf 85' lang='lat' dir='ltr'>hoe</span> <span class='ocrx_word' id='word_1_180' title='bbox 722 3248 968 3358; x_wconf 88' lang='lat' dir='ltr'>principium</span> <span class='ocrx_word' id='word_1_181' title='bbox 989 3248 1040 3325; x_wconf 89' lang='lat' dir='ltr'>sit</span> <span class='ocrx_word' id='word_1_182' title='bbox 1061 3246 1209 3355; x_wconf 89' lang='lat' dir='ltr'>partim</span> <span class='ocrx_word' id='word_1_183' title='bbox 1227 3244 1331 3355; x_wconf 84' lang='lat' dir='ltr'>juris</span> <span class='ocrx_word' id='word_1_184' title='bbox 1358 3262 1509 3324; x_wconf 84' lang='lat' dir='ltr'>naturae</span> <span class='ocrx_word' id='word_1_185' title='bbox 1537 3245 1685 3355; x_wconf 87' lang='lat' dir='ltr'>partim</span> <span class='ocrx_word' id='word_1_186' title='bbox 1703 3248 1806 3355; x_wconf 84' lang='lat' dir='ltr'>juris</span> <span class='ocrx_word' id='word_1_187' title='bbox 1821 3252 2000 3358; x_wconf 80' lang='lat' dir='ltr'>positivi,</span> <span class='ocrx_word' id='word_1_188' title='bbox 2075 3246 2085 3262; x_wconf 82' lang='grc'><strong>’</strong></span> 
     </span>
     <span class='ocr_line' id='line_1_22' title="bbox 622 3366 2000 3487; baseline -0.004 -30"><span class='ocrx_word' id='word_1_189' title='bbox 622 3376 667 3457; x_wconf 94' lang='lat' dir='ltr'>in</span> <span class='ocrx_word' id='word_1_190' title='bbox 695 3391 850 3456; x_wconf 79' lang='lat' dir='ltr'>tentum</span> <span class='ocrx_word' id='word_1_191' title='bbox 869 3366 1037 3479; x_wconf 76' lang='lat' dir='ltr'>nempe,</span> <span class='ocrx_word' id='word_1_192' title='bbox 1063 3366 1177 3481; x_wconf 87' lang='lat' dir='ltr'>quod</span> <span class='ocrx_word' id='word_1_193' title='bbox 1196 3395 1281 3447; x_wconf 92' lang='lat' dir='ltr'>non</span> <span class='ocrx_word' id='word_1_194' title='bbox 1299 3372 1453 3477; x_wconf 90' lang='lat' dir='ltr'>possim</span> <span class='ocrx_word' id='word_1_195' title='bbox 1471 3371 1680 3483; x_wconf 85' lang='lat' dir='ltr'>acquirere</span> <span class='ocrx_word' id='word_1_196' title='bbox 1705 3400 1795 3483; x_wconf 25' lang='lat' dir='ltr'>per!</span> <span class='ocrx_word' id='word_1_197' title='bbox 1812 3373 2000 3487; x_wconf 58' lang='lat' dir='ltr'>alterum,</span> 
     </span>
     <span class='ocr_line' id='line_1_23' title="bbox 628 3491 1999 3603; baseline -0.004 -23"><span class='ocrx_word' id='word_1_198' title='bbox 628 3500 694 3580; x_wconf 88' lang='lat' dir='ltr'>oui</span> <span class='ocrx_word' id='word_1_199' title='bbox 715 3496 947 3579; x_wconf 83' lang='lat' dir='ltr'>mandatum</span> <span class='ocrx_word' id='word_1_200' title='bbox 961 3492 1055 3576; x_wconf 91' lang='lat' dir='ltr'>dedi</span> <span class='ocrx_word' id='word_1_201' title='bbox 1075 3491 1279 3601; x_wconf 85' lang='lat' dir='ltr'>(naturale</span> <span class='ocrx_word' id='word_1_202' title='bbox 1299 3494 1411 3573; x_wconf 89' lang='lat' dir='ltr'>enim</span> <span class='ocrx_word' id='word_1_203' title='bbox 1432 3511 1493 3573; x_wconf 90' lang='lat' dir='ltr'>est</span> <span class='ocrx_word' id='word_1_204' title='bbox 1507 3523 1517 3572; x_wconf 75' lang='grc' dir='ltr'><strong>ε</strong></span> <span class='ocrx_word' id='word_1_205' title='bbox 1530 3494 1643 3602; x_wconf 92' lang='lat' dir='ltr'>quod</span> <span class='ocrx_word' id='word_1_206' title='bbox 1663 3522 1738 3603; x_wconf 88' lang='lat' dir='ltr'>per</span> <span class='ocrx_word' id='word_1_207' title='bbox 1762 3497 1886 3584; x_wconf 79' lang='lat' dir='ltr'>alium</span> <span class='ocrx_word' id='word_1_208' title='bbox 1908 3496 1999 3575; x_wconf 87' lang='lat' dir='ltr'>faci-</span> 
     </span>
     <span class='ocr_line' id='line_1_24' title="bbox 629 3616 1998 3729; baseline -0.003 -30"><span class='ocrx_word' id='word_1_209' title='bbox 629 3648 719 3700; x_wconf 89' lang='lat' dir='ltr'>mus</span> <span class='ocrx_word' id='word_1_210' title='bbox 741 3646 826 3701; x_wconf 89' lang='lat' dir='ltr'>non</span> <span class='ocrx_word' id='word_1_211' title='bbox 867 3622 929 3729; x_wconf 87' lang='lat' dir='ltr'>psi</span> <span class='ocrx_word' id='word_1_212' title='bbox 952 3618 1080 3701; x_wconf 83' lang='lat' dir='ltr'>fucere</span> <span class='ocrx_word' id='word_1_213' title='bbox 1097 3616 1324 3721; x_wconf 75' lang='lat' dir='ltr'>videmur),</span> <span class='ocrx_word' id='word_1_214' title='bbox 1348 3645 1523 3727; x_wconf 91' lang='lat' dir='ltr'>cumque</span> <span class='ocrx_word' id='word_1_215' title='bbox 1545 3636 1738 3727; x_wconf 72' lang='lat' dir='ltr'>praeterea</span> <span class='ocrx_word' id='word_1_216' title='bbox 1759 3618 1838 3697; x_wconf 88' lang='lat' dir='ltr'>hoc</span> <span class='ocrx_word' id='word_1_217' title='bbox 1854 3618 1998 3724; x_wconf 87' lang='lat' dir='ltr'>princi·</span> 
     </span>
     <span class='ocr_line' id='line_1_25' title="bbox 629 3738 1998 3855; baseline -0.004 -32"><span class='ocrx_word' id='word_1_218' title='bbox 629 3744 745 3853; x_wconf 90' lang='lat' dir='ltr'>pium</span> <span class='ocrx_word' id='word_1_219' title='bbox 766 3747 817 3825; x_wconf 91' lang='lat' dir='ltr'>sit</span> <span class='ocrx_word' id='word_1_220' title='bbox 832 3742 934 3855; x_wconf 85' lang='lat' dir='ltr'>juris</span> <span class='ocrx_word' id='word_1_221' title='bbox 948 3801 961 3847; x_wconf 78' lang='lat'>,</span> <span class='ocrx_word' id='word_1_222' title='bbox 973 3744 1172 3852; x_wconf 88' lang='lat' dir='ltr'>possessio</span> <span class='ocrx_word' id='word_1_223' title='bbox 1191 3766 1290 3819; x_wconf 83' lang='lat' dir='ltr'>vero</span> <span class='ocrx_word' id='word_1_224' title='bbox 1318 3738 1435 3838; x_wconf 80' lang='lat' dir='ltr'>fecti3</span> <span class='ocrx_word' id='word_1_225' title='bbox 1457 3739 1571 3821; x_wconf 77' lang='lat' dir='ltr'>facile</span> <span class='ocrx_word' id='word_1_226' title='bbox 1587 3756 1807 3849; x_wconf 88' lang='lat' dir='ltr'>potuerunt</span> <span class='ocrx_word' id='word_1_227' title='bbox 1822 3740 1998 3817; x_wconf 85' lang='lat' dir='ltr'>Romani</span> 
     </span>
     <span class='ocr_line' id='line_1_26' title="bbox 630 3858 2000 3977; baseline -0.007 -30"><span class='ocrx_word' id='word_1_228' title='bbox 630 3869 766 3977; x_wconf 83' lang='lat' dir='ltr'>quoad</span> <span class='ocrx_word' id='word_1_229' title='bbox 780 3898 866 3951; x_wconf 86' lang='lat' dir='ltr'>eam</span> <span class='ocrx_word' id='word_1_230' title='bbox 886 3868 938 3949; x_wconf 84' lang='lat' dir='ltr'>ab</span> <span class='ocrx_word' id='word_1_231' title='bbox 960 3895 1009 3949; x_wconf 89' lang='lat' dir='ltr'>eo</span> <span class='ocrx_word' id='word_1_232' title='bbox 1023 3866 1227 3977; x_wconf 86' lang='lat' dir='ltr'>principio</span> <span class='ocrx_word' id='word_1_233' title='bbox 1237 3866 1516 3973; x_wconf 81' lang='lat' dir='ltr'>exceptionem</span> <span class='ocrx_word' id='word_1_234' title='bbox 1533 3864 1674 3955; x_wconf 83' lang='lat' dir='ltr'>faeere,</span> <span class='ocrx_word' id='word_1_235' title='bbox 1694 3888 1780 3939; x_wconf 85' lang='lat' dir='ltr'>eam</span> <span class='ocrx_word' id='word_1_236' title='bbox 1799 3858 2000 3939; x_wconf 80' lang='lat' dir='ltr'>tamenad</span> 
     </span>
     <span class='ocr_line' id='line_1_27' title="bbox 631 3982 2003 4105; baseline -0.004 -38"><span class='ocrx_word' id='word_1_237' title='bbox 631 3993 823 4099; x_wconf 74' lang='lat' dir='ltr'>actiones,</span> <span class='ocrx_word' id='word_1_238' title='bbox 846 4010 946 4105; x_wconf 85' lang='lat' dir='ltr'>ques</span> <span class='ocrx_word' id='word_1_239' title='bbox 970 3991 1133 4073; x_wconf 85' lang='lat' dir='ltr'>ossibus</span> <span class='ocrx_word' id='word_1_240' title='bbox 1158 3988 1357 4067; x_wconf 74' lang='lat' dir='ltr'>inhaerere</span> <span class='ocrx_word' id='word_1_241' title='bbox 1385 3988 1594 4089; x_wconf 81' lang='lat' dir='ltr'>dicebant,</span> <span class='ocrx_word' id='word_1_242' title='bbox 1621 3982 1837 4066; x_wconf 83' lang='lat' dir='ltr'>extendere</span> <span class='ocrx_word' id='word_1_243' title='bbox 1863 3982 2003 4063; x_wconf 89' lang='lat' dir='ltr'>nolue-</span> 
     </span>
     <span class='ocr_line' id='line_1_28' title="bbox 632 4104 2003 4221; baseline -0.004 -31"><span class='ocrx_word' id='word_1_244' title='bbox 632 4118 815 4221; x_wconf 56' lang='lat' dir='ltr'>runt„(1).</span> <span class='ocrx_word' id='word_1_245' title='bbox 838 4114 1079 4197; x_wconf 87' lang='lat' dir='ltr'>Actiouibus</span> <span class='ocrx_word' id='word_1_246' title='bbox 1107 4130 1245 4191; x_wconf 85' lang='lat' dir='ltr'>autem</span> <span class='ocrx_word' id='word_1_247' title='bbox 1258 4110 1439 4215; x_wconf 82' lang='lat' dir='ltr'>exeeptis</span> <span class='ocrx_word' id='word_1_248' title='bbox 1461 4104 1752 4213; x_wconf 88' lang='lat' dir='ltr'>possessionem</span> <span class='ocrx_word' id='word_1_249' title='bbox 1774 4132 1847 4211; x_wconf 84' lang='lat' dir='ltr'>per</span> <span class='ocrx_word' id='word_1_250' title='bbox 1868 4122 2003 4185; x_wconf 82' lang='lat' dir='ltr'>extre·</span> 
     </span>
     <span class='ocr_line' id='line_1_29' title="bbox 634 4226 2003 4348; baseline -0.006 -35"><span class='ocrx_word' id='word_1_251' title='bbox 634 4260 734 4315; x_wconf 89' lang='lat' dir='ltr'>neos</span> <span class='ocrx_word' id='word_1_252' title='bbox 753 4227 799 4315; x_wconf 79' lang='lat' dir='ltr'>u&#39;t</span> <span class='ocrx_word' id='word_1_253' title='bbox 824 4264 898 4348; x_wconf 77' lang='lat' dir='ltr'>per</span> <span class='ocrx_word' id='word_1_254' title='bbox 924 4252 1230 4347; x_wconf 89' lang='lat' dir='ltr'>procuratorem</span> <span class='ocrx_word' id='word_1_255' title='bbox 1257 4232 1378 4315; x_wconf 89' lang='lat' dir='ltr'>nobis</span> <span class='ocrx_word' id='word_1_256' title='bbox 1404 4231 1525 4311; x_wconf 85' lang='lat' dir='ltr'>etiam</span> <span class='ocrx_word' id='word_1_257' title='bbox 1544 4226 1827 4334; x_wconf 83' lang='lat' dir='ltr'>ignorantibus</span> <span class='ocrx_word' id='word_1_258' title='bbox 1849 4229 2003 4337; x_wconf 83' lang='lat' dir='ltr'>acquiri</span> 
     </span>
     <span class='ocr_line' id='line_1_30' title="bbox 632 4352 2052 4465; baseline -0.004 -27"><span class='ocrx_word' id='word_1_259' title='bbox 632 4384 769 4463; x_wconf 90' lang='lat' dir='ltr'>posse,</span> <span class='ocrx_word' id='word_1_260' title='bbox 789 4375 943 4437; x_wconf 86' lang='lat' dir='ltr'>certum</span> <span class='ocrx_word' id='word_1_261' title='bbox 961 4376 1021 4438; x_wconf 92' lang='lat' dir='ltr'>est</span> <span class='ocrx_word' id='word_1_262' title='bbox 1041 4370 1066 4463; x_wconf 52' lang='grc' dir='ltr'>ᾗ</span> <span class='ocrx_word' id='word_1_263' title='bbox 1093 4358 1116 4441; x_wconf 84' lang='grc'><strong>5</strong></span> <span class='ocrx_word' id='word_1_264' title='bbox 1141 4360 1235 4438; x_wconf 90' lang='lat' dir='ltr'>lust.</span> <span class='ocrx_word' id='word_1_265' title='bbox 1256 4385 1330 4465; x_wconf 88' lang='lat' dir='ltr'>per</span> <span class='ocrx_word' id='word_1_266' title='bbox 1351 4382 1450 4464; x_wconf 82' lang='lat' dir='ltr'>quos</span> <span class='ocrx_word' id='word_1_267' title='bbox 1473 4380 1576 4461; x_wconf 89' lang='lat' dir='ltr'>pers.</span> <span class='ocrx_word' id='word_1_268' title='bbox 1595 4356 1744 4461; x_wconf 86' lang='lat' dir='ltr'>cuique</span> <span class='ocrx_word' id='word_1_269' title='bbox 1765 4380 1850 4462; x_wconf 85' lang='lat' dir='ltr'>aeq.</span> <span class='ocrx_word' id='word_1_270' title='bbox 1871 4354 1915 4433; x_wconf 89' lang='lat' dir='ltr'>L.</span> <span class='ocrx_word' id='word_1_271' title='bbox 1936 4352 2002 4459; x_wconf 70' lang='lat'>49,</span> <span class='ocrx_word' id='word_1_272' title='bbox 2046 4430 2052 4440; x_wconf 85' lang='grc'>,</span> 
     </span>
     <span class='ocr_line' id='line_1_31' title="bbox 633 4474 2001 4585; baseline -0.007 -26"><span class='ocrx_word' id='word_1_273' title='bbox 633 4478 789 4577; x_wconf 72' lang='lat' dir='ltr'>§suls</span> <span class='ocrx_word' id='word_1_274' title='bbox 808 4480 846 4559; x_wconf 78' lang='lat' dir='ltr'>ff.</span> <span class='ocrx_word' id='word_1_275' title='bbox 869 4478 906 4557; x_wconf 92' lang='lat' dir='ltr'>h.</span> <span class='ocrx_word' id='word_1_276' title='bbox 923 4496 949 4557; x_wconf 90' lang='lat' dir='ltr'>t.</span> <span class='ocrx_word' id='word_1_277' title='bbox 965 4482 1007 4560; x_wconf 95' lang='lat' dir='ltr'>L.</span> <span class='ocrx_word' id='word_1_278' title='bbox 1028 4504 1069 4577; x_wconf 84' lang='lat'>1,</span> <span class='ocrx_word' id='word_1_279' title='bbox 1091 4483 1134 4557; x_wconf 93' lang='lat' dir='ltr'>L.</span> <span class='ocrx_word' id='word_1_280' title='bbox 1156 4478 1181 4558; x_wconf 91' lang='lat'>8</span> <span class='ocrx_word' id='word_1_281' title='bbox 1201 4480 1245 4558; x_wconf 90' lang='lat' dir='ltr'>C.</span> <span class='ocrx_word' id='word_1_282' title='bbox 1264 4480 1302 4558; x_wconf 93' lang='lat' dir='ltr'>h.</span> <span class='ocrx_word' id='word_1_283' title='bbox 1320 4495 1348 4557; x_wconf 89' lang='lat' dir='ltr'>t.</span> <span class='ocrx_word' id='word_1_284' title='bbox 1366 4480 1420 4555; x_wconf 83' lang='lat' dir='ltr'>At</span> <span class='ocrx_word' id='word_1_285' title='bbox 1438 4502 1555 4579; x_wconf 82' lang='lat' dir='ltr'>vero,</span> <span class='ocrx_word' id='word_1_286' title='bbox 1576 4474 1689 4585; x_wconf 85' lang='lat' dir='ltr'>quod</span> <span class='ocrx_word' id='word_1_287' title='bbox 1711 4475 1773 4554; x_wconf 85' lang='lat' dir='ltr'>hae</span> <span class='ocrx_word' id='word_1_288' title='bbox 1792 4476 1899 4581; x_wconf 88' lang='lat' dir='ltr'>leges</span> <span class='ocrx_word' id='word_1_289' title='bbox 1921 4500 2001 4554; x_wconf 93' lang='lat' dir='ltr'>non</span> 
     </span>
    </p>
   </div>
   <div class='ocr_carea' id='block_1_5' title="bbox 671 4634 1587 4721">
    <p class='ocr_par' dir='ltr' id='par_1_5' title="bbox 671 4634 1587 4721">
     <span class='ocr_line' id='line_1_32' title="bbox 671 4634 1587 4721; baseline -0.004 -22"><span class='ocrx_word' id='word_1_290' title='bbox 671 4634 723 4721; x_wconf 83' lang='grc' dir='ltr'>,(ι)</span> <span class='ocrx_word' id='word_1_291' title='bbox 738 4636 775 4697; x_wconf 89' lang='lat' dir='ltr'>V.</span> <span class='ocrx_word' id='word_1_292' title='bbox 789 4637 936 4703; x_wconf 77' lang='lat' dir='ltr'>Portum</span> <span class='ocrx_word' id='word_1_293' title='bbox 951 4642 985 4705; x_wconf 90' lang='lat' dir='ltr'>in</span> <span class='ocrx_word' id='word_1_294' title='bbox 1002 4638 1102 4706; x_wconf 82' lang='lat' dir='ltr'>Pand.</span> <span class='ocrx_word' id='word_1_295' title='bbox 1117 4640 1197 4705; x_wconf 84' lang='lat' dir='ltr'>Just</span> <span class='ocrx_word' id='word_1_296' title='bbox 1212 4639 1253 4703; x_wconf 77' lang='lat' dir='ltr'>ad</span> <span class='ocrx_word' id='word_1_297' title='bbox 1267 4640 1301 4702; x_wconf 90' lang='lat' dir='ltr'>L.</span> <span class='ocrx_word' id='word_1_298' title='bbox 1316 4639 1374 4720; x_wconf 66' lang='lat'>49,</span> <span class='ocrx_word' id='word_1_299' title='bbox 1389 4646 1405 4711; x_wconf 82' lang='grc' dir='ltr'><strong>ς</strong></span> <span class='ocrx_word' id='word_1_300' title='bbox 1419 4656 1437 4697; x_wconf 83' lang='lat'>2</span> <span class='ocrx_word' id='word_1_301' title='bbox 1458 4634 1496 4697; x_wconf 81' lang='lat' dir='ltr'>sf.</span> <span class='ocrx_word' id='word_1_302' title='bbox 1514 4634 1547 4696; x_wconf 90' lang='lat' dir='ltr'>h.</span> <span class='ocrx_word' id='word_1_303' title='bbox 1563 4648 1587 4697; x_wconf 85' lang='lat' dir='ltr'>t.</span> 
     </span>
    </p>
   </div>
   <div class='ocr_carea' id='block_1_6' title="bbox 0 0 2287 5860">
    <p class='ocr_par' dir='ltr' id='par_1_6' title="bbox 0 0 2287 5860">
     <span class='ocr_line' id='line_1_33' title="bbox 0 0 2287 5860; baseline 0 0"><span class='ocrx_word' id='word_1_304' title='bbox 0 0 2287 5860; x_wconf 95' lang='lat' dir='ltr'> </span> 
     </span>
    </p>
   </div>
  </div>
 </body>
</html>
