<?xml version="1.0" encoding="UTF-8"?>
<!DOCTYPE html PUBLIC "-//W3C//DTD XHTML 1.0 Transitional//EN"
    "http://www.w3.org/TR/xhtml1/DTD/xhtml1-transitional.dtd">
<html xmlns="http://www.w3.org/1999/xhtml" xml:lang="en" lang="en">
 <head>
  <title>
</title>
<meta http-equiv="Content-Type" content="text/html;charset=utf-8" />
  <meta name='ocr-system' content='tesseract 3.04.00' />
  <meta name='ocr-capabilities' content='ocr_page ocr_carea ocr_par ocr_line ocrx_word'/>
</head>
<body>
  <div class='ocr_page' id='page_1' title='image "annalesacademia01goog_0073.png"; bbox 0 0 4517 5867; ppageno 0'>
   <div class='ocr_carea' id='block_1_1' title="bbox 1630 611 3258 719">
    <p class='ocr_par' dir='ltr' id='par_1_1' title="bbox 1630 611 3258 719">
     <span class='ocr_line' id='line_1_1' title="bbox 1630 611 3258 719; baseline 0.01 -43"><span class='ocrx_word' id='word_1_1' title='bbox 1630 611 2033 682; x_wconf 82' lang='lat' dir='ltr'>ORDINU</span> <span class='ocrx_word' id='word_1_2' title='bbox 2046 617 2143 681; x_wconf 82' lang='lat' dir='ltr'><strong>M.</strong></span> <span class='ocrx_word' id='word_1_3' title='bbox 3154 648 3258 719; x_wconf 79' lang='lat'><strong>29</strong></span> 
     </span>
    </p>
   </div>
   <div class='ocr_carea' id='block_1_2' title="bbox 518 783 3284 1019">
    <p class='ocr_par' dir='ltr' id='par_1_2' title="bbox 518 783 3284 1019">
     <span class='ocr_line' id='line_1_2' title="bbox 518 783 3284 901; baseline 0.007 -36"><span class='ocrx_word' id='word_1_4' title='bbox 518 789 750 867; x_wconf 74' lang='lat' dir='ltr'><strong>‚Petri</strong></span> <span class='ocrx_word' id='word_1_5' title='bbox 780 789 1110 895; x_wconf 71' lang='lat' dir='ltr'><strong>Iosephi</strong></span> <span class='ocrx_word' id='word_1_6' title='bbox 1148 788 1338 867; x_wconf 86' lang='lat' dir='ltr'><strong>Van</strong></span> <span class='ocrx_word' id='word_1_7' title='bbox 1370 783 1514 865; x_wconf 80' lang='lat' dir='ltr'><strong>der</strong></span> <span class='ocrx_word' id='word_1_8' title='bbox 1552 787 1727 866; x_wconf 87' lang='lat' dir='ltr'><strong>Ton</strong></span> <span class='ocrx_word' id='word_1_9' title='bbox 1742 847 1767 884; x_wconf 92' lang='lat'><strong><em>,</em></strong></span> <span class='ocrx_word' id='word_1_10' title='bbox 1802 792 2445 901; x_wconf 78' lang='lat' dir='ltr'><strong>Antwerpiensis,</strong></span> <span class='ocrx_word' id='word_1_11' title='bbox 2475 793 2769 876; x_wconf 65' lang='lat' dir='ltr'><strong>Philas.</strong></span> <span class='ocrx_word' id='word_1_12' title='bbox 2805 818 2885 875; x_wconf 74' lang='lat' dir='ltr'><strong>et</strong></span> <span class='ocrx_word' id='word_1_13' title='bbox 2916 801 3284 898; x_wconf 62' lang='lat' dir='ltr'><strong>Literarn,</strong></span> 
     </span>
     <span class='ocr_line' id='line_1_3' title="bbox 833 908 2958 1019; baseline 0.004 -28"><span class='ocrx_word' id='word_1_14' title='bbox 833 908 1277 991; x_wconf 80' lang='lat' dir='ltr'><em>Candidati</em></span> <span class='ocrx_word' id='word_1_15' title='bbox 1320 910 1692 1019; x_wconf 73' lang='lat' dir='ltr'><strong>larisque</strong></span> <span class='ocrx_word' id='word_1_16' title='bbox 1727 913 1813 994; x_wconf 84' lang='lat' dir='ltr'><strong>in</strong></span> <span class='ocrx_word' id='word_1_17' title='bbox 1846 914 2005 995; x_wconf 77' lang='lat' dir='ltr'><strong>hac</strong></span> <span class='ocrx_word' id='word_1_18' title='bbox 2039 916 2504 998; x_wconf 71' lang='lat' dir='ltr'><em>Academici</em></span> <span class='ocrx_word' id='word_1_19' title='bbox 2542 918 2888 1000; x_wconf 64' lang='lat' dir='ltr'><strong>Studiose·</strong></span> <span class='ocrx_word' id='word_1_20' title='bbox 2929 951 2958 999; x_wconf 80' lang='lat'><strong>.-</strong></span> 
     </span>
    </p>
   </div>
   <div class='ocr_carea' id='block_1_3' title="bbox 512 1104 3251 1343">
    <p class='ocr_par' dir='ltr' id='par_1_3' title="bbox 512 1104 3251 1343">
     <span class='ocr_line' id='line_1_4' title="bbox 515 1104 3251 1222; baseline 0.005 -40"><span class='ocrx_word' id='word_1_21' title='bbox 515 1104 657 1212; x_wconf 89' lang='lat' dir='ltr'><strong>qui</strong></span> <span class='ocrx_word' id='word_1_22' title='bbox 696 1104 784 1182; x_wconf 89' lang='lat' dir='ltr'><strong>in</strong></span> <span class='ocrx_word' id='word_1_23' title='bbox 838 1104 1207 1183; x_wconf 82' lang='lat' dir='ltr'><strong>instituto</strong></span> <span class='ocrx_word' id='word_1_24' title='bbox 1254 1131 1438 1186; x_wconf 88' lang='lat' dir='ltr'><strong>cum</strong></span> <span class='ocrx_word' id='word_1_25' title='bbox 1474 1132 1571 1185; x_wconf 86' lang='lat' dir='ltr'><strong>eo</strong></span> <span class='ocrx_word' id='word_1_26' title='bbox 1609 1110 1975 1188; x_wconf 84' lang='lat' dir='ltr'><strong>examine</strong></span> <span class='ocrx_word' id='word_1_27' title='bbox 2023 1109 2124 1189; x_wconf 90' lang='lat' dir='ltr'><strong>ad</strong></span> <span class='ocrx_word' id='word_1_28' title='bbox 2172 1111 2523 1216; x_wconf 88' lang='lat' dir='ltr'><strong>singulas</strong></span> <span class='ocrx_word' id='word_1_29' title='bbox 2568 1114 3049 1222; x_wconf 78' lang='lat' dir='ltr'><strong>quaestiones</strong></span> <span class='ocrx_word' id='word_1_30' title='bbox 3088 1131 3251 1196; x_wconf 84' lang='lat' dir='ltr'><strong>tam</strong></span> 
     </span>
     <span class='ocr_line' id='line_1_5' title="bbox 512 1220 3248 1343; baseline 0.005 -39"><span class='ocrx_word' id='word_1_31' title='bbox 512 1226 852 1307; x_wconf 86' lang='lat' dir='ltr'><strong>feliciter</strong></span> <span class='ocrx_word' id='word_1_32' title='bbox 887 1224 1343 1336; x_wconf 84' lang='lat' dir='ltr'><strong>respondit,</strong></span> <span class='ocrx_word' id='word_1_33' title='bbox 1390 1245 1483 1307; x_wconf 90' lang='lat' dir='ltr'><strong>ut</strong></span> <span class='ocrx_word' id='word_1_34' title='bbox 1539 1230 2015 1338; x_wconf 90' lang='lat' dir='ltr'><strong>Scriptionis</strong></span> <span class='ocrx_word' id='word_1_35' title='bbox 2059 1248 2471 1313; x_wconf 78' lang='lat' dir='ltr'><strong>auctorem</strong></span> <span class='ocrx_word' id='word_1_36' title='bbox 2525 1261 2610 1313; x_wconf 89' lang='lat' dir='ltr'><strong>se</strong></span> <span class='ocrx_word' id='word_1_37' title='bbox 2665 1220 3248 1343; x_wconf 77' lang='lat' dir='ltr'><strong>comprobaret.</strong></span> 
     </span>
    </p>
   </div>
   <div class='ocr_carea' id='block_1_4' title="bbox 613 1400 2878 1514">
    <p class='ocr_par' dir='ltr' id='par_1_4' title="bbox 613 1400 2878 1514">
     <span class='ocr_line' id='line_1_6' title="bbox 613 1400 2878 1514; baseline 0.003 -32"><span class='ocrx_word' id='word_1_38' title='bbox 613 1401 744 1482; x_wconf 91' lang='lat' dir='ltr'><strong>Ad</strong></span> <span class='ocrx_word' id='word_1_39' title='bbox 789 1400 1118 1482; x_wconf 86' lang='lat' dir='ltr'><strong>alteram</strong></span> <span class='ocrx_word' id='word_1_40' title='bbox 1157 1430 1372 1483; x_wconf 90' lang='lat' dir='ltr'><strong>anno</strong></span> <span class='ocrx_word' id='word_1_41' title='bbox 1418 1404 1688 1512; x_wconf 85' lang='lat' dir='ltr'><strong>elapso</strong></span> <span class='ocrx_word' id='word_1_42' title='bbox 1732 1407 2230 1514; x_wconf 85' lang='lat' dir='ltr'><strong>propositam</strong></span> <span class='ocrx_word' id='word_1_43' title='bbox 2265 1411 2818 1509; x_wconf 85' lang='lat' dir='ltr'><strong>Quaestionem</strong></span> <span class='ocrx_word' id='word_1_44' title='bbox 2859 1440 2878 1488; x_wconf 72' lang='grc' dir='ltr'>ε</span> 
     </span>
    </p>
   </div>
   <div class='ocr_carea' id='block_1_5' title="bbox 498 1577 3251 2421">
    <p class='ocr_par' dir='ltr' id='par_1_5' title="bbox 498 1577 3251 2421">
     <span class='ocr_line' id='line_1_7' title="bbox 557 1577 3245 1688; baseline 0.005 -34"><span class='ocrx_word' id='word_1_45' title='bbox 557 1642 562 1646; x_wconf 91' lang='grc'><em>.</em></span> <span class='ocrx_word' id='word_1_46' title='bbox 585 1610 625 1653; x_wconf 75' lang='grc' dir='ltr'><strong>α</strong></span> <span class='ocrx_word' id='word_1_47' title='bbox 645 1578 1092 1684; x_wconf 84' lang='lat' dir='ltr'><strong>Diligenter</strong></span> <span class='ocrx_word' id='word_1_48' title='bbox 1101 1594 1182 1658; x_wconf 82' lang='lat' dir='ltr'><strong>et</strong></span> <span class='ocrx_word' id='word_1_49' title='bbox 1195 1577 1568 1659; x_wconf 86' lang='lat' dir='ltr'><strong>adcurate</strong></span> <span class='ocrx_word' id='word_1_50' title='bbox 1589 1597 2040 1688; x_wconf 80' lang='lat' dir='ltr'>exponatur</span> <span class='ocrx_word' id='word_1_51' title='bbox 2058 1580 2283 1660; x_wconf 89' lang='lat' dir='ltr'><strong>locus</strong></span> <span class='ocrx_word' id='word_1_52' title='bbox 2307 1578 2409 1660; x_wconf 90' lang='lat' dir='ltr'><strong>de</strong></span> <span class='ocrx_word' id='word_1_53' title='bbox 2426 1585 2508 1662; x_wconf 91' lang='lat' dir='ltr'><em>E</em></span> <span class='ocrx_word' id='word_1_54' title='bbox 2509 1610 2811 1663; x_wconf 74' lang='lat' dir='ltr'><strong>morum</strong></span> <span class='ocrx_word' id='word_1_55' title='bbox 2830 1587 3245 1686; x_wconf 81' lang='lat' dir='ltr'><em>Fontibus,</em></span> 
     </span>
     <span class='ocr_line' id='line_1_8' title="bbox 503 1703 3251 1815; baseline 0.004 -38"><span class='ocrx_word' id='word_1_56' title='bbox 503 1735 547 1777; x_wconf 73' lang='lat'><strong>2&gt;</strong></span> <span class='ocrx_word' id='word_1_57' title='bbox 606 1704 1006 1809; x_wconf 73' lang='lat' dir='ltr'><strong>copiosius</strong></span> <span class='ocrx_word' id='word_1_58' title='bbox 1041 1703 1443 1809; x_wconf 53' lang='lat' dir='ltr'><strong>principue</strong></span> <span class='ocrx_word' id='word_1_59' title='bbox 1491 1704 1579 1781; x_wconf 63' lang='lat' dir='ltr'><strong>effi</strong></span> <span class='ocrx_word' id='word_1_60' title='bbox 1616 1721 1839 1809; x_wconf 75' lang='lat' dir='ltr'><strong>parte</strong></span> <span class='ocrx_word' id='word_1_61' title='bbox 1879 1703 2309 1809; x_wconf 70' lang='lat' dir='ltr'><strong>explicata,</strong></span> <span class='ocrx_word' id='word_1_62' title='bbox 2339 1733 2520 1815; x_wconf 86' lang='lat' dir='ltr'><strong>quae</strong></span> <span class='ocrx_word' id='word_1_63' title='bbox 2548 1723 2668 1785; x_wconf 89' lang='lat' dir='ltr'><strong>est</strong></span> <span class='ocrx_word' id='word_1_64' title='bbox 2700 1706 2802 1786; x_wconf 90' lang='lat' dir='ltr'><strong>de</strong></span> <span class='ocrx_word' id='word_1_65' title='bbox 2846 1708 3251 1815; x_wconf 85' lang='lat' dir='ltr'><strong>Opinioni-</strong></span> 
     </span>
     <span class='ocr_line' id='line_1_9' title="bbox 502 1825 3245 1940; baseline 0.004 -40"><span class='ocrx_word' id='word_1_66' title='bbox 502 1857 542 1899; x_wconf 76' lang='lat'><strong>2)</strong></span> <span class='ocrx_word' id='word_1_67' title='bbox 602 1829 746 1901; x_wconf 63' lang='lat' dir='ltr'><strong>hus</strong></span> <span class='ocrx_word' id='word_1_68' title='bbox 766 1825 1322 1933; x_wconf 55' lang='lat' dir='ltr'><strong>praejudiecze‘fs</strong></span> <span class='ocrx_word' id='word_1_69' title='bbox 1354 1829 1625 1933; x_wconf 66' lang='lat' dir='ltr'><strong>[vulgo</strong></span> <span class='ocrx_word' id='word_1_70' title='bbox 1655 1829 2203 1935; x_wconf 60' lang='lat' dir='ltr'><strong>praejudiciis),</strong></span> <span class='ocrx_word' id='word_1_71' title='bbox 2231 1828 2851 1938; x_wconf 81' lang='lat' dir='ltr'><strong>indicenturque</strong></span> <span class='ocrx_word' id='word_1_72' title='bbox 2875 1857 3245 1940; x_wconf 83' lang='lat' dir='ltr'><strong>quaenam</strong></span> 
     </span>
     <span class='ocr_line' id='line_1_10' title="bbox 500 1949 3241 2061; baseline 0.004 -38"><span class='ocrx_word' id='word_1_73' title='bbox 500 1979 542 2022; x_wconf 71' lang='lat' dir='ltr'><strong>x·</strong></span> <span class='ocrx_word' id='word_1_74' title='bbox 602 1949 1086 2029; x_wconf 70' lang='lat' dir='ltr'><strong>adhib-endae</strong></span> <span class='ocrx_word' id='word_1_75' title='bbox 1126 1953 1326 2045; x_wconf 60' lang='lat' dir='ltr'><strong>siut„</strong></span> <span class='ocrx_word' id='word_1_76' title='bbox 1370 1977 1683 2029; x_wconf 67' lang='lat' dir='ltr'><strong>errores</strong></span> <span class='ocrx_word' id='word_1_77' title='bbox 1727 1953 2298 2061; x_wconf 70' lang='lat' dir='ltr'><strong>undecumque</strong></span> <span class='ocrx_word' id='word_1_78' title='bbox 2342 1969 2565 2031; x_wconf 81' lang='lat' dir='ltr'><strong>ortos</strong></span> <span class='ocrx_word' id='word_1_79' title='bbox 2608 1951 3007 2054; x_wconf 80' lang='lat' dir='ltr'><strong>evitandi,</strong></span> <span class='ocrx_word' id='word_1_80' title='bbox 3054 1980 3241 2034; x_wconf 87' lang='lat' dir='ltr'><strong>cau·-</strong></span> 
     </span>
     <span class='ocr_line' id='line_1_11' title="bbox 498 2073 3240 2181; baseline 0.003 -37"><span class='ocrx_word' id='word_1_81' title='bbox 498 2103 540 2144; x_wconf 78' lang='lat'>»</span> <span class='ocrx_word' id='word_1_82' title='bbox 591 2077 858 2149; x_wconf 65' lang='lat' dir='ltr'><strong>tiones</strong></span> <span class='ocrx_word' id='word_1_83' title='bbox 898 2105 914 2145; x_wconf 88' lang='lat'><strong>:</strong></span> <span class='ocrx_word' id='word_1_84' title='bbox 962 2073 1206 2181; x_wconf 73' lang='lat' dir='ltr'><strong>idque</strong></span> <span class='ocrx_word' id='word_1_85' title='bbox 1254 2077 1342 2149; x_wconf 66' lang='lat' dir='ltr'><strong>eii</strong></span> <span class='ocrx_word' id='word_1_86' title='bbox 1382 2077 1735 2173; x_wconf 57' lang='lat' dir='ltr'><strong>rationffi,</strong></span> <span class='ocrx_word' id='word_1_87' title='bbox 1779 2093 1871 2149; x_wconf 76' lang='lat' dir='ltr'><strong>ut</strong></span> <span class='ocrx_word' id='word_1_88' title='bbox 1919 2077 2465 2181; x_wconf 63' lang='lat' dir='ltr'><strong>Antiquorum</strong></span> <span class='ocrx_word' id='word_1_89' title='bbox 2504 2092 2587 2153; x_wconf 82' lang='lat' dir='ltr'><strong>et</strong></span> <span class='ocrx_word' id='word_1_90' title='bbox 2625 2077 3240 2176; x_wconf 74' lang='lat' dir='ltr'><strong>Recentiorum,</strong></span> 
     </span>
     <span class='ocr_line' id='line_1_12' title="bbox 501 2193 3245 2301; baseline 0.002 -34"><span class='ocrx_word' id='word_1_91' title='bbox 501 2224 544 2266; x_wconf 69' lang='lat'><strong>&gt;³</strong></span> <span class='ocrx_word' id='word_1_92' title='bbox 606 2197 742 2301; x_wconf 81' lang='lat' dir='ltr'><strong>qui</strong></span> <span class='ocrx_word' id='word_1_93' title='bbox 810 2193 1026 2269; x_wconf 76' lang='lat' dir='ltr'><strong>idem</strong></span> <span class='ocrx_word' id='word_1_94' title='bbox 1074 2213 1639 2297; x_wconf 69' lang='lat' dir='ltr'><strong>argumentum</strong></span> <span class='ocrx_word' id='word_1_95' title='bbox 1699 2197 2179 2293; x_wconf 52' lang='lat' dir='ltr'><strong>&amp;Uti{gam111².⁴³</strong></span> <span class='ocrx_word' id='word_1_96' title='bbox 2227 2196 2537 2301; x_wconf 83' lang='lat' dir='ltr'><strong>placitis</strong></span> <span class='ocrx_word' id='word_1_97' title='bbox 2588 2196 2979 2275; x_wconf 77' lang='lat' dir='ltr'><strong>continuo</strong></span> <span class='ocrx_word' id='word_1_98' title='bbox 3032 2195 3245 2273; x_wconf 80' lang='lat' dir='ltr'><strong>inter</strong></span> 
     </span>
     <span class='ocr_line' id='line_1_13' title="bbox 501 2314 3026 2421; baseline -0 -28"><span class='ocrx_word' id='word_1_99' title='bbox 501 2345 544 2405; x_wconf 67' lang='lat' dir='ltr'><strong>,n</strong></span> <span class='ocrx_word' id='word_1_100' title='bbox 606 2345 686 2393; x_wconf 72' lang='lat' dir='ltr'><strong>sc</strong></span> <span class='ocrx_word' id='word_1_101' title='bbox 730 2317 1246 2421; x_wconf 71' lang='lat' dir='ltr'><strong>comparatis,</strong></span> <span class='ocrx_word' id='word_1_102' title='bbox 1282 2341 1507 2393; x_wconf 73' lang='lat' dir='ltr'><strong>suam</strong></span> <span class='ocrx_word' id='word_1_103' title='bbox 1547 2317 1715 2417; x_wconf 72' lang='lat' dir='ltr'><strong>ipse</strong></span> <span class='ocrx_word' id='word_1_104' title='bbox 1757 2317 2235 2389; x_wconf 61' lang='lat' dir='ltr'><strong>sententiam</strong></span> <span class='ocrx_word' id='word_1_105' title='bbox 2270 2332 2549 2393; x_wconf 86' lang='lat' dir='ltr'>auctor</span> <span class='ocrx_word' id='word_1_106' title='bbox 2593 2314 2927 2421; x_wconf 86' lang='lat' dir='ltr'><strong>adjiciat.</strong></span> <span class='ocrx_word' id='word_1_107' title='bbox 2984 2348 3026 2388; x_wconf 65' lang='grc' dir='ltr'><strong><em>ι</em></strong></span> 
     </span>
    </p>
   </div>
   <div class='ocr_carea' id='block_1_6' title="bbox 486 2522 3235 2757">
    <p class='ocr_par' dir='ltr' id='par_1_6' title="bbox 486 2522 3235 2757">
     <span class='ocr_line' id='line_1_14' title="bbox 493 2522 3235 2630; baseline 0 -26"><span class='ocrx_word' id='word_1_108' title='bbox 493 2553 661 2604; x_wconf 89' lang='lat' dir='ltr'><strong>una</strong></span> <span class='ocrx_word' id='word_1_109' title='bbox 707 2529 905 2606; x_wconf 88' lang='lat' dir='ltr'><strong>item</strong></span> <span class='ocrx_word' id='word_1_110' title='bbox 943 2527 1293 2607; x_wconf 80' lang='lat' dir='ltr'><strong>exhibita</strong></span> <span class='ocrx_word' id='word_1_111' title='bbox 1351 2544 1471 2607; x_wconf 87' lang='lat' dir='ltr'><strong>est</strong></span> <span class='ocrx_word' id='word_1_112' title='bbox 1506 2525 2075 2605; x_wconf 88' lang='lat' dir='ltr'><strong>commentatio</strong></span> <span class='ocrx_word' id='word_1_113' title='bbox 2129 2522 2285 2602; x_wconf 90' lang='lat' dir='ltr'><strong>hoc</strong></span> <span class='ocrx_word' id='word_1_114' title='bbox 2325 2522 2612 2604; x_wconf 84' lang='lat' dir='ltr'><strong>Gallici</strong></span> <span class='ocrx_word' id='word_1_115' title='bbox 2666 2524 3013 2603; x_wconf 87' lang='lat' dir='ltr'><strong>auctoris</strong></span> <span class='ocrx_word' id='word_1_116' title='bbox 3053 2549 3235 2630; x_wconf 46' lang='lat' dir='ltr'><strong>ver&lt;</strong></span> 
     </span>
     <span class='ocr_line' id='line_1_15' title="bbox 486 2648 1237 2757; baseline 0 -32"><span class='ocrx_word' id='word_1_117' title='bbox 486 2648 744 2727; x_wconf 87' lang='lat' dir='ltr'><strong>siculo</strong></span> <span class='ocrx_word' id='word_1_118' title='bbox 793 2650 1168 2757; x_wconf 85' lang='lat' dir='ltr'><strong>insignita</strong></span> <span class='ocrx_word' id='word_1_119' title='bbox 1219 2678 1237 2725; x_wconf 72' lang='grc' dir='ltr'><em>τ</em></span> 
     </span>
    </p>
   </div>
   <div class='ocr_carea' id='block_1_7' title="bbox 588 2838 2987 2927">
    <p class='ocr_par' dir='ltr' id='par_1_7' title="bbox 588 2838 2987 2927">
     <span class='ocr_line' id='line_1_16' title="bbox 588 2838 2987 2927; baseline 0.002 -17"><span class='ocrx_word' id='word_1_120' title='bbox 588 2873 625 2905; x_wconf 75' lang='grc' dir='ltr'><strong>α</strong></span> <span class='ocrx_word' id='word_1_121' title='bbox 657 2850 758 2910; x_wconf 79' lang='lat' dir='ltr'><strong>Le</strong></span> <span class='ocrx_word' id='word_1_122' title='bbox 789 2848 946 2909; x_wconf 70' lang='grc' dir='ltr'><strong>παὶ</strong></span> <span class='ocrx_word' id='word_1_123' title='bbox 984 2870 1175 2910; x_wconf 74' lang='lat' dir='ltr'><strong>nous</strong></span> <span class='ocrx_word' id='word_1_124' title='bbox 1222 2846 1426 2911; x_wconf 78' lang='lat' dir='ltr'><strong>vient</strong></span> <span class='ocrx_word' id='word_1_125' title='bbox 1453 2840 1559 2911; x_wconf 87' lang='lat' dir='ltr'><strong>du</strong></span> <span class='ocrx_word' id='word_1_126' title='bbox 1599 2839 1777 2927; x_wconf 86' lang='lat' dir='ltr'><strong>ciel,</strong></span> <span class='ocrx_word' id='word_1_127' title='bbox 1820 2840 2124 2915; x_wconf 87' lang='lat' dir='ltr'><strong>l&#39;erreur</strong></span> <span class='ocrx_word' id='word_1_128' title='bbox 2157 2840 2364 2917; x_wconf 79' lang='lat' dir='ltr'><strong>vient</strong></span> <span class='ocrx_word' id='word_1_129' title='bbox 2402 2838 2494 2916; x_wconf 87' lang='lat' dir='ltr'><strong>de</strong></span> <span class='ocrx_word' id='word_1_130' title='bbox 2531 2842 2599 2916; x_wconf 88' lang='lat' dir='ltr'><strong>la</strong></span> <span class='ocrx_word' id='word_1_131' title='bbox 2637 2857 2846 2915; x_wconf 87' lang='lat' dir='ltr'><strong>terre.</strong></span> <span class='ocrx_word' id='word_1_132' title='bbox 2899 2872 2935 2909; x_wconf 70' lang='lat' dir='ltr'>n</span> <span class='ocrx_word' id='word_1_133' title='bbox 2981 2872 2987 2877; x_wconf 94' lang='lat'>·</span> 
     </span>
    </p>
   </div>
   <div class='ocr_carea' id='block_1_8' title="bbox 482 3017 3236 4563">
    <p class='ocr_par' dir='ltr' id='par_1_8' title="bbox 482 3017 3236 4563">
     <span class='ocr_line' id='line_1_17' title="bbox 482 3017 3231 3129; baseline -0.002 -27"><span class='ocrx_word' id='word_1_134' title='bbox 482 3025 582 3102; x_wconf 89' lang='lat' dir='ltr'><strong>in</strong></span> <span class='ocrx_word' id='word_1_135' title='bbox 633 3049 835 3129; x_wconf 81' lang='lat' dir='ltr'><strong>qua,</strong></span> <span class='ocrx_word' id='word_1_136' title='bbox 884 3020 1071 3099; x_wconf 85' lang='lat' dir='ltr'><strong>licet</strong></span> <span class='ocrx_word' id='word_1_137' title='bbox 1118 3044 1163 3095; x_wconf 90' lang='lat' dir='ltr'><strong>a</strong></span> <span class='ocrx_word' id='word_1_138' title='bbox 1202 3021 1596 3097; x_wconf 87' lang='lat' dir='ltr'><strong>sermonis</strong></span> <span class='ocrx_word' id='word_1_139' title='bbox 1648 3020 1914 3096; x_wconf 87' lang='lat' dir='ltr'><strong>Latini</strong></span> <span class='ocrx_word' id='word_1_140' title='bbox 1980 3020 2342 3098; x_wconf 87' lang='lat' dir='ltr'><strong>bonitate</strong></span> <span class='ocrx_word' id='word_1_141' title='bbox 2396 3024 2509 3098; x_wconf 81' lang='lat' dir='ltr'><strong>sic</strong></span> <span class='ocrx_word' id='word_1_142' title='bbox 2578 3017 2765 3097; x_wconf 88' lang='lat' dir='ltr'><strong>satis</strong></span> <span class='ocrx_word' id='word_1_143' title='bbox 2820 3044 3231 3097; x_wconf 87' lang='lat' dir='ltr'><strong>commen-</strong></span> 
     </span>
     <span class='ocr_line' id='line_1_18' title="bbox 484 3139 3230 3252; baseline -0.002 -26"><span class='ocrx_word' id='word_1_144' title='bbox 484 3143 775 3247; x_wconf 84' lang='lat' dir='ltr'><strong>dabili,</strong></span> <span class='ocrx_word' id='word_1_145' title='bbox 804 3141 1162 3250; x_wconf 86' lang='lat' dir='ltr'><strong>potiores</strong></span> <span class='ocrx_word' id='word_1_146' title='bbox 1181 3139 1630 3247; x_wconf 86' lang='lat' dir='ltr'><strong>argumenti</strong></span> <span class='ocrx_word' id='word_1_147' title='bbox 1653 3157 1919 3246; x_wconf 88' lang='lat' dir='ltr'><strong>partes</strong></span> <span class='ocrx_word' id='word_1_148' title='bbox 1955 3140 2212 3218; x_wconf 90' lang='lat' dir='ltr'><strong>multo</strong></span> <span class='ocrx_word' id='word_1_149' title='bbox 2239 3139 2498 3220; x_wconf 87' lang='lat' dir='ltr'><strong>levius</strong></span> <span class='ocrx_word' id='word_1_150' title='bbox 2517 3158 2957 3221; x_wconf 82' lang='lat' dir='ltr'><strong>tractantur</strong></span> <span class='ocrx_word' id='word_1_151' title='bbox 2983 3170 3230 3252; x_wconf 90' lang='lat' dir='ltr'><strong>quam</strong></span> 
     </span>
     <span class='ocr_line' id='line_1_19' title="bbox 485 3255 3232 3371; baseline -0.001 -26"><span class='ocrx_word' id='word_1_152' title='bbox 485 3293 772 3346; x_wconf 87' lang='lat' dir='ltr'><strong>earum</strong></span> <span class='ocrx_word' id='word_1_153' title='bbox 800 3265 1151 3343; x_wconf 84' lang='lat' dir='ltr'><strong>ambitus</strong></span> <span class='ocrx_word' id='word_1_154' title='bbox 1190 3279 1270 3341; x_wconf 89' lang='lat' dir='ltr'><strong>et</strong></span> <span class='ocrx_word' id='word_1_155' title='bbox 1306 3263 1644 3368; x_wconf 85' lang='lat' dir='ltr'><strong>gravitas</strong></span> <span class='ocrx_word' id='word_1_156' title='bbox 1674 3260 2081 3369; x_wconf 81' lang='lat' dir='ltr'><strong>postulare</strong></span> <span class='ocrx_word' id='word_1_157' title='bbox 2110 3255 2620 3342; x_wconf 88' lang='lat' dir='ltr'><strong>videbantur.</strong></span> <span class='ocrx_word' id='word_1_158' title='bbox 2660 3264 2925 3371; x_wconf 85' lang='lat' dir='ltr'><strong>Atque</strong></span> <span class='ocrx_word' id='word_1_159' title='bbox 2959 3264 3114 3342; x_wconf 91' lang='lat' dir='ltr'><strong>hoc</strong></span> <span class='ocrx_word' id='word_1_160' title='bbox 3145 3266 3232 3343; x_wconf 90' lang='lat' dir='ltr'><strong>in</strong></span> 
     </span>
     <span class='ocr_line' id='line_1_20' title="bbox 488 3379 3234 3493; baseline -0.001 -26"><span class='ocrx_word' id='word_1_161' title='bbox 488 3411 668 3468; x_wconf 85' lang='lat' dir='ltr'><strong>eam</strong></span> <span class='ocrx_word' id='word_1_162' title='bbox 704 3387 1215 3493; x_wconf 87' lang='lat' dir='ltr'><strong>potissimum</strong></span> <span class='ocrx_word' id='word_1_163' title='bbox 1254 3384 1733 3491; x_wconf 87' lang='lat' dir='ltr'><strong>Scriptionis</strong></span> <span class='ocrx_word' id='word_1_164' title='bbox 1774 3399 2087 3486; x_wconf 82' lang='lat' dir='ltr'><strong>partem</strong></span> <span class='ocrx_word' id='word_1_165' title='bbox 2116 3379 2358 3481; x_wconf 82' lang='lat' dir='ltr'><strong>cadit,</strong></span> <span class='ocrx_word' id='word_1_166' title='bbox 2395 3409 2574 3489; x_wconf 81' lang='lat' dir='ltr'><strong>quae</strong></span> <span class='ocrx_word' id='word_1_167' title='bbox 2614 3385 2701 3460; x_wconf 90' lang='lat' dir='ltr'><strong>in</strong></span> <span class='ocrx_word' id='word_1_168' title='bbox 2735 3385 3234 3491; x_wconf 84' lang='lat' dir='ltr'><strong>exponendis</strong></span> 
     </span>
     <span class='ocr_line' id='line_1_21' title="bbox 485 3499 3236 3618; baseline -0.002 -29"><span class='ocrx_word' id='word_1_169' title='bbox 485 3511 1039 3618; x_wconf 88' lang='lat' dir='ltr'><strong>Antiquorum</strong></span> <span class='ocrx_word' id='word_1_170' title='bbox 1075 3500 1753 3607; x_wconf 83' lang='lat' dir='ltr'><strong>Philosophorum</strong></span> <span class='ocrx_word' id='word_1_171' title='bbox 1781 3501 1872 3579; x_wconf 71' lang='lat' dir='ltr'><strong>ea</strong></span> <span class='ocrx_word' id='word_1_172' title='bbox 1913 3499 2013 3578; x_wconf 90' lang='lat' dir='ltr'><strong>de</strong></span> <span class='ocrx_word' id='word_1_173' title='bbox 2063 3528 2145 3579; x_wconf 88' lang='lat' dir='ltr'><strong>re</strong></span> <span class='ocrx_word' id='word_1_174' title='bbox 2173 3503 2590 3581; x_wconf 86' lang='lat' dir='ltr'><strong>sententiis</strong></span> <span class='ocrx_word' id='word_1_175' title='bbox 2626 3522 3019 3583; x_wconf 85' lang='lat' dir='ltr'><strong>versatur:</strong></span> <span class='ocrx_word' id='word_1_176' title='bbox 3044 3533 3236 3615; x_wconf 91' lang='lat' dir='ltr'><strong>quo-</strong></span> 
     </span>
     <span class='ocr_line' id='line_1_22' title="bbox 484 3622 3228 3739; baseline -0.003 -27"><span class='ocrx_word' id='word_1_177' title='bbox 484 3661 673 3712; x_wconf 90' lang='lat' dir='ltr'><strong>rum</strong></span> <span class='ocrx_word' id='word_1_178' title='bbox 725 3629 856 3711; x_wconf 83' lang='lat' dir='ltr'><strong>vel</strong></span> <span class='ocrx_word' id='word_1_179' title='bbox 913 3629 1505 3739; x_wconf 81' lang='lat' dir='ltr'><strong>praecipuorum</strong></span> <span class='ocrx_word' id='word_1_180' title='bbox 1561 3622 1845 3730; x_wconf 80' lang='lat' dir='ltr'><strong>placita</strong></span> <span class='ocrx_word' id='word_1_181' title='bbox 1908 3638 2046 3701; x_wconf 89' lang='lat' dir='ltr'><strong>aut</strong></span> <span class='ocrx_word' id='word_1_182' title='bbox 2109 3622 2633 3728; x_wconf 85' lang='lat' dir='ltr'><strong>negliguntur</strong></span> <span class='ocrx_word' id='word_1_183' title='bbox 2694 3627 3031 3705; x_wconf 89' lang='lat' dir='ltr'><strong>omnino</strong></span> <span class='ocrx_word' id='word_1_184' title='bbox 3087 3644 3228 3705; x_wconf 89' lang='lat' dir='ltr'><strong>aut</strong></span> 
     </span>
     <span class='ocr_line' id='line_1_23' title="bbox 490 3743 3227 3852; baseline -0.003 -19"><span class='ocrx_word' id='word_1_185' title='bbox 490 3755 755 3835; x_wconf 88' lang='lat' dir='ltr'><strong>obiter</strong></span> <span class='ocrx_word' id='word_1_186' title='bbox 787 3769 1105 3833; x_wconf 89' lang='lat' dir='ltr'><strong>tantum</strong></span> <span class='ocrx_word' id='word_1_187' title='bbox 1141 3749 1331 3826; x_wconf 86' lang='lat' dir='ltr'><strong>hinc</strong></span> <span class='ocrx_word' id='word_1_188' title='bbox 1367 3743 1557 3824; x_wconf 90' lang='lat' dir='ltr'><strong>inde</strong></span> <span class='ocrx_word' id='word_1_189' title='bbox 1581 3772 1678 3824; x_wconf 87' lang='lat' dir='ltr'><strong>ex</strong></span> <span class='ocrx_word' id='word_1_190' title='bbox 1713 3760 1941 3852; x_wconf 89' lang='lat' dir='ltr'><strong>parte</strong></span> <span class='ocrx_word' id='word_1_191' title='bbox 1977 3760 2442 3848; x_wconf 85' lang='lat' dir='ltr'><strong>tanguntur.</strong></span> <span class='ocrx_word' id='word_1_192' title='bbox 2486 3748 2710 3826; x_wconf 88' lang='lat' dir='ltr'><strong>Licet</strong></span> <span class='ocrx_word' id='word_1_193' title='bbox 2736 3750 2986 3852; x_wconf 87' lang='lat' dir='ltr'><strong>igitur</strong></span> <span class='ocrx_word' id='word_1_194' title='bbox 3017 3747 3227 3828; x_wconf 89' lang='lat' dir='ltr'><strong>hanc</strong></span> 
     </span>
     <span class='ocr_line' id='line_1_24' title="bbox 485 3863 3226 3982; baseline -0.002 -27"><span class='ocrx_word' id='word_1_195' title='bbox 485 3873 1138 3982; x_wconf 89' lang='lat' dir='ltr'><strong>scriptiunculam</strong></span> <span class='ocrx_word' id='word_1_196' title='bbox 1159 3930 1183 3972; x_wconf 77' lang='lat'>‚</span> <span class='ocrx_word' id='word_1_197' title='bbox 1232 3868 1706 3975; x_wconf 85' lang='lat' dir='ltr'><strong>ceteroquin</strong></span> <span class='ocrx_word' id='word_1_198' title='bbox 1752 3863 2240 3945; x_wconf 88' lang='lat' dir='ltr'><strong>laudabilem</strong></span> <span class='ocrx_word' id='word_1_199' title='bbox 2262 3927 2282 3963; x_wconf 86' lang='lat'>,</span> <span class='ocrx_word' id='word_1_200' title='bbox 2339 3883 2431 3945; x_wconf 89' lang='lat' dir='ltr'><strong>ut</strong></span> <span class='ocrx_word' id='word_1_201' title='bbox 2472 3872 2688 3974; x_wconf 90' lang='lat' dir='ltr'><strong>typis</strong></span> <span class='ocrx_word' id='word_1_202' title='bbox 2737 3868 3226 3950; x_wconf 85' lang='lat' dir='ltr'><strong>exscribere·</strong></span> 
     </span>
     <span class='ocr_line' id='line_1_25' title="bbox 482 3989 3226 4101; baseline -0 -27"><span class='ocrx_word' id='word_1_203' title='bbox 482 4013 619 4075; x_wconf 89' lang='lat' dir='ltr'><strong>tur</strong></span> <span class='ocrx_word' id='word_1_204' title='bbox 639 4053 662 4094; x_wconf 78' lang='grc'><em>,</em></span> <span class='ocrx_word' id='word_1_205' title='bbox 697 3996 1110 4101; x_wconf 86' lang='lat' dir='ltr'><strong>indignam</strong></span> <span class='ocrx_word' id='word_1_206' title='bbox 1147 3990 1376 4071; x_wconf 86' lang='lat' dir='ltr'><strong>Ordo</strong></span> <span class='ocrx_word' id='word_1_207' title='bbox 1414 3989 2013 4085; x_wconf 84' lang='lat' dir='ltr'><strong>existimaverit3</strong></span> <span class='ocrx_word' id='word_1_208' title='bbox 2034 3992 2202 4067; x_wconf 85' lang='lat' dir='ltr'><strong>non</strong></span> <span class='ocrx_word' id='word_1_209' title='bbox 2228 4005 2502 4068; x_wconf 87' lang='lat' dir='ltr'><strong>tamen</strong></span> <span class='ocrx_word' id='word_1_210' title='bbox 2536 3990 2639 4069; x_wconf 90' lang='lat' dir='ltr'><strong>ab</strong></span> <span class='ocrx_word' id='word_1_211' title='bbox 2674 3991 2845 4098; x_wconf 86' lang='lat' dir='ltr'><strong>ejus</strong></span> <span class='ocrx_word' id='word_1_212' title='bbox 2873 3992 3226 4075; x_wconf 89' lang='lat' dir='ltr'><strong>consiliis</strong></span> 
     </span>
     <span class='ocr_line' id='line_1_26' title="bbox 482 4111 3224 4222; baseline 0.001 -26"><span class='ocrx_word' id='word_1_213' title='bbox 482 4115 914 4196; x_wconf 79' lang='lat' dir='ltr'><strong>videbatur</strong></span> <span class='ocrx_word' id='word_1_214' title='bbox 948 4118 1332 4212; x_wconf 86' lang='lat' dir='ltr'><strong>alienum,</strong></span> <span class='ocrx_word' id='word_1_215' title='bbox 1359 4113 1706 4194; x_wconf 86' lang='lat' dir='ltr'><strong>auctoris</strong></span> <span class='ocrx_word' id='word_1_216' title='bbox 1737 4111 2232 4193; x_wconf 84' lang='lat' dir='ltr'><strong>voluntatem</strong></span> <span class='ocrx_word' id='word_1_217' title='bbox 2253 4128 2335 4191; x_wconf 89' lang='lat' dir='ltr'><strong>et</strong></span> <span class='ocrx_word' id='word_1_218' title='bbox 2364 4139 2615 4222; x_wconf 85' lang='lat' dir='ltr'><strong>quam</strong></span> <span class='ocrx_word' id='word_1_219' title='bbox 2633 4114 3004 4222; x_wconf 83' lang='lat' dir='ltr'><strong>pluribus</strong></span> <span class='ocrx_word' id='word_1_220' title='bbox 3024 4115 3224 4198; x_wconf 89' lang='lat' dir='ltr'><strong>locis</strong></span> 
     </span>
     <span class='ocr_line' id='line_1_27' title="bbox 484 4233 3221 4346; baseline -0.001 -30"><span class='ocrx_word' id='word_1_221' title='bbox 484 4237 851 4346; x_wconf 80' lang='lat' dir='ltr'><strong>prodidit</strong></span> <span class='ocrx_word' id='word_1_222' title='bbox 908 4242 1210 4343; x_wconf 85' lang='lat' dir='ltr'><strong>ingenii</strong></span> <span class='ocrx_word' id='word_1_223' title='bbox 1266 4240 1769 4344; x_wconf 83' lang='lat' dir='ltr'><strong>sagacitatem</strong></span> <span class='ocrx_word' id='word_1_224' title='bbox 1811 4263 1907 4315; x_wconf 87' lang='lat' dir='ltr'><strong>eo</strong></span> <span class='ocrx_word' id='word_1_225' title='bbox 1948 4233 2305 4343; x_wconf 83' lang='lat' dir='ltr'><strong>quodam</strong></span> <span class='ocrx_word' id='word_1_226' title='bbox 2372 4235 2622 4315; x_wconf 88' lang='lat' dir='ltr'><strong>modo</strong></span> <span class='ocrx_word' id='word_1_227' title='bbox 2668 4239 3221 4333; x_wconf 88' lang='lat' dir='ltr'><strong>remunerari,</strong></span> 
     </span>
     <span class='ocr_line' id='line_1_28' title="bbox 483 4358 3218 4470; baseline -0.001 -30"><span class='ocrx_word' id='word_1_228' title='bbox 483 4376 576 4440; x_wconf 91' lang='lat' dir='ltr'><strong>ut</strong></span> <span class='ocrx_word' id='word_1_229' title='bbox 624 4359 996 4439; x_wconf 87' lang='lat' dir='ltr'><strong>lemmate</strong></span> <span class='ocrx_word' id='word_1_230' title='bbox 1041 4362 1362 4470; x_wconf 84' lang='lat' dir='ltr'><strong>publice</strong></span> <span class='ocrx_word' id='word_1_231' title='bbox 1401 4360 1811 4470; x_wconf 80' lang='lat' dir='ltr'><strong>praelecto,</strong></span> <span class='ocrx_word' id='word_1_232' title='bbox 1847 4359 2180 4461; x_wconf 88' lang='lat' dir='ltr'><strong>honoris</strong></span> <span class='ocrx_word' id='word_1_233' title='bbox 2223 4359 2502 4439; x_wconf 67' lang='lat' dir='ltr'><strong>caussa</strong></span> <span class='ocrx_word' id='word_1_234' title='bbox 2540 4358 2708 4441; x_wconf 83' lang='lat' dir='ltr'><strong>haec</strong></span> <span class='ocrx_word' id='word_1_235' title='bbox 2743 4360 3218 4443; x_wconf 85' lang='lat' dir='ltr'><strong>Dissertatio</strong></span> 
     </span>
     <span class='ocr_line' id='line_1_29' title="bbox 486 4480 2690 4563; baseline -0.001 -3"><span class='ocrx_word' id='word_1_236' title='bbox 486 4480 1051 4563; x_wconf 83' lang='lat' dir='ltr'><strong>nominaretur.</strong></span> <span class='ocrx_word' id='word_1_237' title='bbox 2683 4518 2690 4524; x_wconf 97' lang='lat'>·</span> 
     </span>
    </p>
   </div>
  </div>
 </body>
</html>
