4517 5867
606 647 651 732 td
992 645 1150 718 rnsnc.
1174 647 1265 716 nc.
1290 647 1584 721 scnonnsnnr
1683 651 1686 657 ’

652 826 860 907 Dividitur
881 823 1046 906 tandem
1067 827 1266 934 possessio
1285 827 1331 907 in
1344 828 1492 936 justum
1510 847 1551 908 et
1572 831 1763 938 injustum
1779 840 1822 917 L.
1834 839 1877 942 3,
1897 846 1923 946 §
1944 843 1969 926 5

598 950 637 1030 tf.
653 953 693 1030 h.
715 969 742 1031 t.
766 953 807 1030 L.
830 979 855 1032 2
874 967 915 1030 et
934 949 960 1031 3
977 947 1015 1028 ii.
1035 952 1096 1029 uti
1117 949 1265 1057 possid.
1279 955 1391 1031 Juste
1409 952 1603 1061 possidet,
1626 958 1700 1065 qui
1722 956 1832 1066 justo
1851 966 1974 1046 titulo

597 1077 892 1184 possessionem
912 1073 1144 1182 acquisivit,
1163 1071 1310 1181 injuste
1329 1101 1427 1154 vero
1445 1075 1625 1184 possidet
1639 1078 1754 1187 cujus
1773 1071 1974 1192 possessio

599 1201 713 1281 nullo
729 1200 837 1308 justo
859 1198 978 1278 titulo
997 1197 1155 1278 nititur.
1175 1197 1243 1276 Sic
1266 1197 1377 1278 malae
1396 1197 1490 1279 fidei
1513 1227 1760 1308 possessores
1786 1205 1895 1290 fures
1914 1226 1975 1288 at·

599 1353 681 1434 que
701 1323 915 1432 praedones
941 1321 1130 1430 injustam
1160 1322 1457 1428 possessionem
1485 1320 1661 1427 habent,
1688 1327 1826 1408 nuilus
1858 1333 1971 1412 enim

597 1449 694 1556 ipsis
725 1463 784 1526 est
803 1444 965 1546 titulus,
982 1471 1067 1553 quo
1093 1441 1322 1550 possident;
1345 1449 1448 1554 quin
1470 1446 1554 1524 imo
1576 1461 1624 1525 ut
1640 1446 1787 1553 justum
1814 1479 1976 1560 posses.

595 1573 753 1651 sionem
776 1597 825 1650 ex
856 1567 976 1648 titulo
997 1565 1175 1678 quodam
1200 1563 1308 1672 justo
1331 1594 1369 1647 v.
1393 1594 1432 1674 g.
1456 1595 1506 1648 ex
1530 1570 1737 1678 emptione
1765 1577 1973 1684 acquiras,

598 1719 733 1804 neque
760 1691 931 1793 sufficit,
960 1707 1008 1769 ut
1035 1689 1302 1769 intervenerit
1333 1706 1563 1772 contractus
1589 1693 1858 1799 venditionis,
1885 1727 1971 1808 quo

464 1903 467 1910 ⁴
596 1843 832 1898 reserarem
845 1815 999 1916 emisti,
1011 1813 1082 1894 sed
1093 1816 1261 1922 insuper
1279 1839 1383 1923 opus
1400 1832 1478 1917 est,
1495 1832 1542 1894 ut
1552 1843 1617 1896 res
1634 1819 1679 1896 in
1693 1822 1971 1900 executionem

596 1937 705 2019 illius
719 1955 947 2019 contractus
955 1964 1031 2046 per
1041 1937 1297 2018 venditorem
1310 1956 1380 2016 aut
1395 1922 1521 2018 alium
1538 1939 1625 2049 ejus
1634 1944 1800 2022 nomine
1823 1943 1899 2023 tibi
1920 1945 1972 2023 sit
2105 2013 2113 2024 .

585 2059 761 2157 'traditu
779 2060 889 2140 unde
908 2062 943 2140 si
960 2059 1151 2140 venditor
1169 2086 1257 2131 rem
1278 2059 1356 2129 tibi
1384 2085 1469 2130 non
1490 2060 1739 2156 tradidisset,
1765 2082 1807 2142 et
1833 2093 1883 2142 00
1907 2068 1972 2142 in.

595 2183 682 2261 vito
709 2179 1001 2289 possessionem
1022 2173 1108 2281 ejus
1126 2170 1269 2251 fuisses
1287 2171 1473 2280 adeptus,
1493 2199 1579 2252 non
1591 2173 1739 2282 justam
1759 2177 1831 2256 sed
1846 2181 1972 2288 injus·

591 2317 674 2382 tom
701 2301 997 2410 possessionem
1020 2295 1299 2404 acquisivisses
1315 2297 1357 2372 L.
1386 2296 1410 2376 5
1435 2292 1475 2373 if.
1497 2293 1536 2372 h.
1560 2309 1589 2374 t
1608 2296 1733 2377 Aliud
1754 2315 1891 2380 tamen
1910 2301 1971 2383 fo·

595 2442 677 2518 ret,
713 2425 747 2504 si
777 2436 987 2502 recusante
1017 2414 1232 2499 venditore
1268 2433 1419 2526 praetor
1446 2434 1487 2497 te
1519 2419 1563 2498 in
1588 2423 1884 2528 possessionem
1910 2429 1969 2508 rei

594 2565 741 2654 emptae
762 2546 957 2647 misisset,
973 2543 1122 2652 justam
1143 2543 1253 2620 enim
1275 2558 1373 2621 tunc
1396 2569 1503 2623 esses
1522 2546 1817 2650 possessionem
1844 2549 1966 2658 adep-

592 2687 675 2771 tus,
694 2695 787 2747 cum
805 2666 910 2775 juste
922 2663 1146 2775 possideat,
1168 2665 1241 2778 qui
1261 2682 1426 2746 auctore
1442 2684 1613 2774 praetore
1630 2667 1810 2775 possidet
1830 2671 1873 2747 L.
1898 2699 1965 2770 ιι,

594 2790 633 2868 ff.
644 2791 682 2867 h.
698 2807 724 2866 t.
736 2817 746 2884 3
758 2790 821 2864 vel
839 2792 874 2862 si
893 2788 1043 2863 sciente
1058 2804 1098 2861 et
1115 2813 1200 2858 non
1216 2788 1518 2864 contradicente
1528 2786 1740 2869 venditore
1747 2795 1964 2899 possessio·

593 2937 688 2991 nem
702 2911 905 3014 ingressus
924 2902 1082 3005 fixisses,
1096 2929 1190 2981 narn
1204 2919 1245 2982 et
1259 2920 1358 2984 tunc
1372 2906 1535 2987 videtur
1545 2908 1733 2992 venditor
1748 2917 1965 3021 possessio-

595 3061 690 3114 nem
704 3029 916 3138 usurpanti
931 3027 1159 3106 consentire
1177 3028 1365 3134 etqueita
1376 3029 1547 3134 tradere,
1558 3059 1651 3112 cum
1662 3033 1964 3116 adtendendum
2106 3103 2112 3111 .

595 3159 647 3236 sit
676 3153 878 3260 obligatus
907 3152 950 3230 L.
972 3177 1018 3249 2,
1039 3150 1082 3229 C.
1105 3148 1143 3229 h.
1162 3166 1191 3228 t.
1210 3151 1253 3228 L.
1283 3149 1331 3231 16
1351 3147 1391 3227 ff.
1415 3153 1449 3230 si
1474 3179 1574 3234 serv.
1595 3153 1704 3235 vind.
1725 3159 1767 3236 L.
1782 3157 1808 3240 8
1826 3157 1964 3265 {ipro

593 3279 724 3384 legato
744 3279 787 3356 1.
813 3303 854 3374 1,
873 3277 899 3374 §
917 3273 987 3354 ult.
1007 3271 1046 3350 ff.
1069 3270 1120 3351 de
1139 3289 1290 3380 except.
1310 3278 1371 3355 rei
1387 3273 1505 3396 vend.
1529 3294 1571 3358 et
1595 3277 1698 3360 trad.
2037 3324 2041 3330 -

643 3523 749 3603 Sunt
759 3539 892 3600 tamen
906 3521 1165 3626 interpretes,
1184 3521 1257 3630 qui
1270 3547 1319 3600 ex
1337 3523 1381 3601 L.
1392 3520 1475 3627 3,§
1491 3521 1564 3604 ὅθ’.
1584 3523 1623 3603 h.
1635 3542 1663 3604 t.
1686 3526 1789 3606 hanc
1805 3555 1960 3634 posses·

592 3645 718 3728 sionis
741 3642 984 3724 divisionem
1001 3644 1262 3754 quantumvis
1274 3644 1531 3725 netumlema
1550 3647 1707 3754 legibus
1715 3650 1876 3756 agnosci
1885 3675 1957 3727 ne-

595 3783 705 3875 gant,
719 3765 764 3846 ei
779 3791 927 3874 nempe
940 3766 1115 3862 ratione,
1133 3763 1248 3876 qnod
1262 3767 1306 3847 in
1318 3765 1427 3848 dicto
1440 3767 1673 3876 §habentur
1687 3799 1697 3847 t
1712 3769 1905 3879 quoniam
1916 3771 1960 3848 in

599 3891 755 3970 summi
763 3889 1025 4000 possessionis
1038 3915 1123 3970 non
1138 3889 1314 3969 multum
1330 3892 1513 3989 interest,
1524 3892 1630 4000 juste
1641 3894 1733 4001 quis
1748 3919 1800 3970 an
1812 3892 1959 3999 injuste

593 4011 802 4121 possideat.
823 4015 877 4092 At
891 4011 976 4091 haec
994 4011 1119 4093 verba
1140 4012 1183 4091 id
1204 4012 1371 4090 minime
1385 4013 1575 4129 probare,
1589 4015 1704 4094 facile
1722 4013 1958 4093 ostenditur.

493 4225 497 4233 .
591 4135 793 4242 Imprimis
805 4135 1018 4216 adversarii
1040 4135 1182 4216 dicunt
1201 4163 1211 4214 ε
1228 4161 1310 4214 non
1319 4135 1493 4212 multum
1506 4135 1550 4213 id
1564 4160 1648 4213 esse
1662 4134 1776 4244 quod
1784 4138 1888 4214 vortit
1894 4152 1958 4239 ,et

589 4253 762 4364 proinde
784 4256 1024 4339 divisionem
1046 4261 1093 4338 in
1112 4257 1260 4367 justam
1279 4273 1321 4336 et
1342 4256 1531 4364 injustum
1551 4258 1844 4364 possessionem
1871 4285 1957 4337 me·

587 4379 666 4458 rito
685 4378 796 4488 rejici
814 4407 838 4459 a
855 4381 1059 4488 Limone,
1078 4381 1223 4490 utpote
1246 4379 1358 4461 nulla
1377 4381 1484 4460 inter
1503 4381 1609 4488 ipsas
1627 4380 1747 4460 datur
1765 4379 1955 4461 differen-

587 4502 651 4580 tis.
672 4501 751 4584 Sed
769 4501 847 4586 hoc
865 4504 1007 4588 tanum
1030 4503 1368 4616 est,quodnu1u
1388 4505 1494 4584 inter
1512 4503 1751 4612 ipsesvdetur
1765 4503 1953 4586 differen-

2241 1870 2244 1997 i
