<?xml version="1.0" encoding="UTF-8"?>
<!DOCTYPE html PUBLIC "-//W3C//DTD XHTML 1.0 Transitional//EN"
    "http://www.w3.org/TR/xhtml1/DTD/xhtml1-transitional.dtd">
<html xmlns="http://www.w3.org/1999/xhtml" xml:lang="en" lang="en">
 <head>
  <title>
</title>
<meta http-equiv="Content-Type" content="text/html;charset=utf-8" />
  <meta name='ocr-system' content='tesseract 3.04.00' />
  <meta name='ocr-capabilities' content='ocr_page ocr_carea ocr_par ocr_line ocrx_word'/>
</head>
<body>
  <div class='ocr_page' id='page_1' title='image "annalesacademia01goog_0507.png"; bbox 0 0 4517 5867; ppageno 0'>
   <div class='ocr_carea' id='block_1_1' title="bbox 705 610 1679 693">
    <p class='ocr_par' dir='ltr' id='par_1_1' title="bbox 705 610 1679 693">
     <span class='ocr_line' id='line_1_1' title="bbox 705 610 1679 693; baseline 0.006 -6"><span class='ocrx_word' id='word_1_1' title='bbox 705 612 1038 687; x_wconf 79' lang='lat' dir='ltr'>DISSERTATIO</span> <span class='ocrx_word' id='word_1_2' title='bbox 1061 610 1272 689; x_wconf 77' lang='lat' dir='ltr'>MEDICA.</span> <span class='ocrx_word' id='word_1_3' title='bbox 1632 619 1679 693; x_wconf 78' lang='lat'><strong>33</strong></span> 
     </span>
    </p>
   </div>
   <div class='ocr_carea' id='block_1_2' title="bbox 216 790 1755 2352">
    <p class='ocr_par' dir='ltr' id='par_1_2' title="bbox 216 790 1755 2352">
     <span class='ocr_line' id='line_1_2' title="bbox 315 790 1679 905; baseline 0 -26"><span class='ocrx_word' id='word_1_4' title='bbox 315 794 408 879; x_wconf 92' lang='lat' dir='ltr'><strong>dam</strong></span> <span class='ocrx_word' id='word_1_5' title='bbox 427 796 468 879; x_wconf 91' lang='lat' dir='ltr'><strong>in</strong></span> <span class='ocrx_word' id='word_1_6' title='bbox 487 791 570 879; x_wconf 90' lang='lat' dir='ltr'><strong>imo</strong></span> <span class='ocrx_word' id='word_1_7' title='bbox 593 820 783 905; x_wconf 85' lang='lat' dir='ltr'><strong>corpore,</strong></span> <span class='ocrx_word' id='word_1_8' title='bbox 801 818 963 873; x_wconf 90' lang='lat' dir='ltr'><strong>sensum</strong></span> <span class='ocrx_word' id='word_1_9' title='bbox 982 790 1197 901; x_wconf 86' lang='lat' dir='ltr'><strong>voluptatis</strong></span> <span class='ocrx_word' id='word_1_10' title='bbox 1211 810 1279 875; x_wconf 91' lang='lat' dir='ltr'><strong>aut</strong></span> <span class='ocrx_word' id='word_1_11' title='bbox 1298 791 1451 875; x_wconf 88' lang='lat' dir='ltr'><strong>doloris</strong></span> <span class='ocrx_word' id='word_1_12' title='bbox 1472 797 1679 879; x_wconf 88' lang='lat' dir='ltr'><strong>internum</strong></span> 
     </span>
     <span class='ocr_line' id='line_1_3' title="bbox 313 912 1687 1029; baseline -0.003 -28"><span class='ocrx_word' id='word_1_13' title='bbox 313 948 407 1001; x_wconf 89' lang='lat' dir='ltr'><strong>cum</strong></span> <span class='ocrx_word' id='word_1_14' title='bbox 422 923 606 1029; x_wconf 83' lang='lat' dir='ltr'>passione</span> <span class='ocrx_word' id='word_1_15' title='bbox 629 934 894 1018; x_wconf 84' lang='lat' dir='ltr'><strong>crescentem,</strong></span> <span class='ocrx_word' id='word_1_16' title='bbox 919 931 960 993; x_wconf 90' lang='lat' dir='ltr'><strong>et</strong></span> <span class='ocrx_word' id='word_1_17' title='bbox 979 912 1092 1022; x_wconf 86' lang='lat' dir='ltr'><strong>cujus</strong></span> <span class='ocrx_word' id='word_1_18' title='bbox 1104 917 1209 996; x_wconf 87' lang='lat' dir='ltr'><strong>actio</strong></span> <span class='ocrx_word' id='word_1_19' title='bbox 1229 944 1325 997; x_wconf 84' lang='lat' dir='ltr'><strong>mox</strong></span> <span class='ocrx_word' id='word_1_20' title='bbox 1348 943 1423 1024; x_wconf 91' lang='lat' dir='ltr'><strong>per</strong></span> <span class='ocrx_word' id='word_1_21' title='bbox 1436 935 1569 998; x_wconf 88' lang='lat' dir='ltr'><strong>totum</strong></span> <span class='ocrx_word' id='word_1_22' title='bbox 1587 947 1687 1000; x_wconf 84' lang='lat' dir='ltr'><strong>cor·.</strong></span> 
     </span>
     <span class='ocr_line' id='line_1_4' title="bbox 311 1035 1678 1149; baseline 0.001 -29"><span class='ocrx_word' id='word_1_23' title='bbox 311 1068 388 1149; x_wconf 90' lang='lat' dir='ltr'><strong>pus</strong></span> <span class='ocrx_word' id='word_1_24' title='bbox 416 1040 678 1144; x_wconf 85' lang='lat' dir='ltr'><strong>diffunditur,</strong></span> <span class='ocrx_word' id='word_1_25' title='bbox 706 1036 933 1147; x_wconf 83' lang='lat' dir='ltr'><strong>generandi.</strong></span> <span class='ocrx_word' id='word_1_26' title='bbox 955 1035 1103 1116; x_wconf 85' lang='lat' dir='ltr'><strong>Sensus</strong></span> <span class='ocrx_word' id='word_1_27' title='bbox 1125 1037 1193 1117; x_wconf 90' lang='lat' dir='ltr'><strong>ille</strong></span> <span class='ocrx_word' id='word_1_28' title='bbox 1214 1040 1348 1119; x_wconf 83' lang='lat' dir='ltr'><strong>varius</strong></span> <span class='ocrx_word' id='word_1_29' title='bbox 1366 1056 1427 1118; x_wconf 91' lang='lat' dir='ltr'><strong>est</strong></span> <span class='ocrx_word' id='word_1_30' title='bbox 1451 1041 1495 1119; x_wconf 93' lang='lat' dir='ltr'><strong>in</strong></span> <span class='ocrx_word' id='word_1_31' title='bbox 1516 1042 1678 1147; x_wconf 82' lang='lat' dir='ltr'><strong>singulo</strong></span> 
     </span>
     <span class='ocr_line' id='line_1_5' title="bbox 313 1157 1675 1269; baseline 0.004 -30"><span class='ocrx_word' id='word_1_32' title='bbox 313 1160 476 1243; x_wconf 86' lang='lat' dir='ltr'><strong>affectus</strong></span> <span class='ocrx_word' id='word_1_33' title='bbox 494 1191 657 1269; x_wconf 84' lang='lat' dir='ltr'><strong>genere,</strong></span> <span class='ocrx_word' id='word_1_34' title='bbox 670 1189 809 1242; x_wconf 90' lang='lat' dir='ltr'><strong>sensus</strong></span> <span class='ocrx_word' id='word_1_35' title='bbox 825 1157 1099 1238; x_wconf 86' lang='lat' dir='ltr'><strong>delectationis</strong></span> <span class='ocrx_word' id='word_1_36' title='bbox 1121 1187 1243 1267; x_wconf 84' lang='lat' dir='ltr'><strong>quam</strong></span> <span class='ocrx_word' id='word_1_37' title='bbox 1264 1158 1392 1239; x_wconf 81' lang='lat' dir='ltr'><strong>adfert</strong></span> <span class='ocrx_word' id='word_1_38' title='bbox 1408 1189 1538 1261; x_wconf 84' lang='lat' dir='ltr'><strong>amor,</strong></span> <span class='ocrx_word' id='word_1_39' title='bbox 1556 1163 1609 1243; x_wconf 90' lang='lat' dir='ltr'><strong>ab</strong></span> <span class='ocrx_word' id='word_1_40' title='bbox 1625 1192 1675 1245; x_wconf 94' lang='lat' dir='ltr'><strong>eo</strong></span> 
     </span>
     <span class='ocr_line' id='line_1_6' title="bbox 312 1278 1677 1391; baseline 0.004 -30"><span class='ocrx_word' id='word_1_41' title='bbox 312 1286 377 1363; x_wconf 90' lang='lat' dir='ltr'><strong>cui</strong></span> <span class='ocrx_word' id='word_1_42' title='bbox 398 1312 534 1365; x_wconf 90' lang='lat' dir='ltr'><strong>ausam</strong></span> <span class='ocrx_word' id='word_1_43' title='bbox 552 1283 703 1391; x_wconf 81' lang='lat' dir='ltr'><strong>praebet</strong></span> <span class='ocrx_word' id='word_1_44' title='bbox 721 1279 935 1389; x_wconf 86' lang='lat' dir='ltr'><strong>gaudium,</strong></span> <span class='ocrx_word' id='word_1_45' title='bbox 957 1278 1163 1391; x_wconf 89' lang='lat' dir='ltr'><strong>discrepat.</strong></span> <span class='ocrx_word' id='word_1_46' title='bbox 1178 1282 1358 1359; x_wconf 85' lang='lat' dir='ltr'><strong>Tristitia</strong></span> <span class='ocrx_word' id='word_1_47' title='bbox 1377 1299 1419 1360; x_wconf 91' lang='lat' dir='ltr'><strong>et</strong></span> <span class='ocrx_word' id='word_1_48' title='bbox 1437 1298 1568 1363; x_wconf 91' lang='lat' dir='ltr'><strong>metus</strong></span> <span class='ocrx_word' id='word_1_49' title='bbox 1590 1314 1677 1365; x_wconf 89' lang='lat' dir='ltr'><strong>ean·</strong></span> 
     </span>
     <span class='ocr_line' id='line_1_7' title="bbox 310 1399 1677 1511; baseline 0 -30"><span class='ocrx_word' id='word_1_50' title='bbox 310 1403 404 1482; x_wconf 89' lang='lat' dir='ltr'><strong>dem</strong></span> <span class='ocrx_word' id='word_1_51' title='bbox 442 1408 562 1485; x_wconf 88' lang='lat' dir='ltr'><strong>etiam</strong></span> <span class='ocrx_word' id='word_1_52' title='bbox 598 1405 896 1511; x_wconf 87' lang='lat' dir='ltr'><strong>perceptionem</strong></span> <span class='ocrx_word' id='word_1_53' title='bbox 925 1399 1135 1487; x_wconf 83' lang='lat' dir='ltr'><strong>molestam</strong></span> <span class='ocrx_word' id='word_1_54' title='bbox 1158 1429 1251 1480; x_wconf 88' lang='lat' dir='ltr'><strong>non</strong></span> <span class='ocrx_word' id='word_1_55' title='bbox 1281 1418 1429 1479; x_wconf 85' lang='lat' dir='ltr'><strong>creant.</strong></span> <span class='ocrx_word' id='word_1_56' title='bbox 1459 1404 1593 1504; x_wconf 81' lang='lat' dir='ltr'><strong>Quam</strong></span> <span class='ocrx_word' id='word_1_57' title='bbox 1618 1407 1677 1486; x_wconf 78' lang='lat' dir='ltr'><strong>ira</strong></span> 
     </span>
     <span class='ocr_line' id='line_1_8' title="bbox 216 1518 1675 1633; baseline 0.005 -32"><span class='ocrx_word' id='word_1_58' title='bbox 216 1531 221 1539; x_wconf 83' lang='lat'>&#39;</span> <span class='ocrx_word' id='word_1_59' title='bbox 308 1524 496 1630; x_wconf 84' lang='lat' dir='ltr'><strong>adportat</strong></span> <span class='ocrx_word' id='word_1_60' title='bbox 527 1526 758 1633; x_wconf 90' lang='lat' dir='ltr'><strong>impressio,</strong></span> <span class='ocrx_word' id='word_1_61' title='bbox 788 1550 881 1602; x_wconf 88' lang='lat' dir='ltr'><strong>cum</strong></span> <span class='ocrx_word' id='word_1_62' title='bbox 910 1518 1021 1599; x_wconf 89' lang='lat' dir='ltr'><strong>nulla</strong></span> <span class='ocrx_word' id='word_1_63' title='bbox 1044 1520 1119 1599; x_wconf 89' lang='lat' dir='ltr'><strong>alia</strong></span> <span class='ocrx_word' id='word_1_64' title='bbox 1146 1522 1368 1630; x_wconf 89' lang='lat' dir='ltr'><strong>comparari</strong></span> <span class='ocrx_word' id='word_1_65' title='bbox 1396 1540 1539 1629; x_wconf 90' lang='lat' dir='ltr'><strong>potest.</strong></span> <span class='ocrx_word' id='word_1_66' title='bbox 1568 1523 1675 1607; x_wconf 89' lang='lat' dir='ltr'><strong>Illud</strong></span> 
     </span>
     <span class='ocr_line' id='line_1_9' title="bbox 308 1642 1673 1754; baseline 0.001 -31"><span class='ocrx_word' id='word_1_67' title='bbox 308 1671 401 1724; x_wconf 90' lang='lat' dir='ltr'><strong>cum</strong></span> <span class='ocrx_word' id='word_1_68' title='bbox 429 1644 756 1754; x_wconf 88' lang='lat' dir='ltr'><strong>perceptionibus</strong></span> <span class='ocrx_word' id='word_1_69' title='bbox 783 1673 873 1753; x_wconf 80' lang='lat' dir='ltr'><strong>quse</strong></span> <span class='ocrx_word' id='word_1_70' title='bbox 900 1643 1043 1722; x_wconf 84' lang='lat' dir='ltr'><strong>animae</strong></span> <span class='ocrx_word' id='word_1_71' title='bbox 1071 1667 1094 1718; x_wconf 88' lang='lat' dir='ltr'><strong>a</strong></span> <span class='ocrx_word' id='word_1_72' title='bbox 1121 1667 1291 1749; x_wconf 90' lang='lat' dir='ltr'><strong>corpore</strong></span> <span class='ocrx_word' id='word_1_73' title='bbox 1322 1642 1539 1725; x_wconf 90' lang='lat' dir='ltr'><strong>mittuntur</strong></span> <span class='ocrx_word' id='word_1_74' title='bbox 1567 1644 1673 1744; x_wconf 84' lang='lat' dir='ltr'><strong>aliis,</strong></span> 
     </span>
     <span class='ocr_line' id='line_1_10' title="bbox 307 1761 1672 1877; baseline 0.001 -31"><span class='ocrx_word' id='word_1_75' title='bbox 307 1791 522 1846; x_wconf 88' lang='lat' dir='ltr'><strong>commune</strong></span> <span class='ocrx_word' id='word_1_76' title='bbox 549 1767 711 1845; x_wconf 89' lang='lat' dir='ltr'><strong>habent.</strong></span> <span class='ocrx_word' id='word_1_77' title='bbox 742 1765 886 1844; x_wconf 81' lang='lat' dir='ltr'><strong>Differt</strong></span> <span class='ocrx_word' id='word_1_78' title='bbox 915 1766 1024 1843; x_wconf 90' lang='lat' dir='ltr'><strong>enim</strong></span> <span class='ocrx_word' id='word_1_79' title='bbox 1056 1761 1259 1877; x_wconf 79' lang='lat' dir='ltr'><strong>voluptas,</strong></span> <span class='ocrx_word' id='word_1_80' title='bbox 1287 1764 1364 1843; x_wconf 91' lang='lat' dir='ltr'><strong>sub</strong></span> <span class='ocrx_word' id='word_1_81' title='bbox 1392 1782 1485 1849; x_wconf 86' lang='lat' dir='ltr'><strong>actu</strong></span> <span class='ocrx_word' id='word_1_82' title='bbox 1505 1791 1672 1872; x_wconf 83' lang='lat' dir='ltr'><strong>genera·</strong></span> 
     </span>
     <span class='ocr_line' id='line_1_11' title="bbox 306 1880 1674 1998; baseline 0.004 -35"><span class='ocrx_word' id='word_1_83' title='bbox 306 1887 446 1979; x_wconf 90' lang='lat' dir='ltr'><strong>tionis,</strong></span> <span class='ocrx_word' id='word_1_84' title='bbox 464 1880 515 1959; x_wconf 88' lang='lat' dir='ltr'><strong>ab</strong></span> <span class='ocrx_word' id='word_1_85' title='bbox 536 1908 582 1958; x_wconf 87' lang='lat' dir='ltr'><strong>ea</strong></span> <span class='ocrx_word' id='word_1_86' title='bbox 597 1906 689 1991; x_wconf 88' lang='lat' dir='ltr'><strong>quae</strong></span> <span class='ocrx_word' id='word_1_87' title='bbox 707 1886 853 1989; x_wconf 80' lang='lat' dir='ltr'><strong>oritur,</strong></span> <span class='ocrx_word' id='word_1_88' title='bbox 872 1884 973 1963; x_wconf 91' lang='lat' dir='ltr'><strong>dum</strong></span> <span class='ocrx_word' id='word_1_89' title='bbox 993 1882 1170 1961; x_wconf 86' lang='lat' dir='ltr'><strong>scabitur</strong></span> <span class='ocrx_word' id='word_1_90' title='bbox 1191 1886 1377 1990; x_wconf 83' lang='lat' dir='ltr'><strong>pruriens</strong></span> <span class='ocrx_word' id='word_1_91' title='bbox 1397 1914 1508 1994; x_wconf 80' lang='lat' dir='ltr'><strong>pars3</strong></span> <span class='ocrx_word' id='word_1_92' title='bbox 1530 1889 1674 1998; x_wconf 80' lang='lat' dir='ltr'><strong>volup·</strong></span> 
     </span>
     <span class='ocr_line' id='line_1_12' title="bbox 307 1997 1674 2117; baseline 0.004 -33"><span class='ocrx_word' id='word_1_93' title='bbox 307 2021 367 2085; x_wconf 83' lang='lat' dir='ltr'><strong>tas</strong></span> <span class='ocrx_word' id='word_1_94' title='bbox 380 2006 517 2102; x_wconf 90' lang='lat' dir='ltr'><strong>etiam,</strong></span> <span class='ocrx_word' id='word_1_95' title='bbox 534 2003 624 2081; x_wconf 88' lang='lat' dir='ltr'><strong>visu</strong></span> <span class='ocrx_word' id='word_1_96' title='bbox 640 1998 800 2109; x_wconf 89' lang='lat' dir='ltr'><strong>pulchri</strong></span> <span class='ocrx_word' id='word_1_97' title='bbox 814 1997 979 2107; x_wconf 83' lang='lat' dir='ltr'><strong>objecti,</strong></span> <span class='ocrx_word' id='word_1_98' title='bbox 997 2000 1048 2083; x_wconf 90' lang='lat' dir='ltr'><strong>ab</strong></span> <span class='ocrx_word' id='word_1_99' title='bbox 1067 1999 1333 2083; x_wconf 84' lang='lat' dir='ltr'><strong>oblectatione</strong></span> <span class='ocrx_word' id='word_1_100' title='bbox 1348 2007 1524 2087; x_wconf 88' lang='lat' dir='ltr'><strong>odorum</strong></span> <span class='ocrx_word' id='word_1_101' title='bbox 1538 2010 1674 2117; x_wconf 88' lang='lat' dir='ltr'><strong>dispar</strong></span> 
     </span>
     <span class='ocr_line' id='line_1_13' title="bbox 308 2118 1755 2236; baseline 0.004 -31"><span class='ocrx_word' id='word_1_102' title='bbox 308 2142 377 2205; x_wconf 84' lang='lat' dir='ltr'><strong>est.</strong></span> <span class='ocrx_word' id='word_1_103' title='bbox 401 2128 558 2205; x_wconf 91' lang='lat' dir='ltr'><strong>Dantur</strong></span> <span class='ocrx_word' id='word_1_104' title='bbox 584 2124 805 2236; x_wconf 82' lang='lat' dir='ltr'><strong>innumerae</strong></span> <span class='ocrx_word' id='word_1_105' title='bbox 831 2119 1022 2200; x_wconf 88' lang='lat' dir='ltr'><strong>dolorum</strong></span> <span class='ocrx_word' id='word_1_106' title='bbox 1048 2118 1223 2231; x_wconf 85' lang='lat' dir='ltr'><strong>species,</strong></span> <span class='ocrx_word' id='word_1_107' title='bbox 1252 2142 1477 2229; x_wconf 81' lang='lat' dir='ltr'><strong>pungentes</strong></span> <span class='ocrx_word' id='word_1_108' title='bbox 1502 2126 1672 2211; x_wconf 65' lang='lat' dir='ltr'><strong>scilicet,</strong></span> <span class='ocrx_word' id='word_1_109' title='bbox 1750 2130 1755 2137; x_wconf 76' lang='grc'><strong>’</strong></span> 
     </span>
     <span class='ocr_line' id='line_1_14' title="bbox 308 2245 828 2352; baseline 0.006 -28"><span class='ocrx_word' id='word_1_110' title='bbox 308 2245 538 2352; x_wconf 82' lang='lat' dir='ltr'><strong>lacerantes,</strong></span> <span class='ocrx_word' id='word_1_111' title='bbox 555 2252 735 2349; x_wconf 88' lang='lat' dir='ltr'><strong>urentes,</strong></span> <span class='ocrx_word' id='word_1_112' title='bbox 755 2262 828 2327; x_wconf 87' lang='lat' dir='ltr'><strong>etc.</strong></span> 
     </span>
    </p>
   </div>
   <div class='ocr_carea' id='block_1_3' title="bbox 277 2473 1671 2941">
    <p class='ocr_par' dir='ltr' id='par_1_3' title="bbox 277 2473 1671 2941">
     <span class='ocr_line' id='line_1_15' title="bbox 359 2473 1671 2585; baseline 0.002 -30"><span class='ocrx_word' id='word_1_113' title='bbox 359 2476 447 2556; x_wconf 87' lang='lat' dir='ltr'><strong>Hac</strong></span> <span class='ocrx_word' id='word_1_114' title='bbox 468 2475 571 2557; x_wconf 86' lang='lat' dir='ltr'><strong>facta</strong></span> <span class='ocrx_word' id='word_1_115' title='bbox 591 2476 855 2585; x_wconf 87' lang='lat' dir='ltr'><strong>impressione</strong></span> <span class='ocrx_word' id='word_1_116' title='bbox 869 2475 914 2553; x_wconf 91' lang='lat' dir='ltr'><strong>in</strong></span> <span class='ocrx_word' id='word_1_117' title='bbox 930 2489 1069 2555; x_wconf 86' lang='lat' dir='ltr'><strong>centro</strong></span> <span class='ocrx_word' id='word_1_118' title='bbox 1088 2473 1342 2582; x_wconf 86' lang='lat' dir='ltr'><strong>epigastrico,</strong></span> <span class='ocrx_word' id='word_1_119' title='bbox 1359 2489 1490 2555; x_wconf 90' lang='lat' dir='ltr'><strong>totum</strong></span> <span class='ocrx_word' id='word_1_120' title='bbox 1501 2476 1671 2582; x_wconf 83' lang='lat' dir='ltr'><strong>agitatur</strong></span> 
     </span>
     <span class='ocr_line' id='line_1_16' title="bbox 305 2593 1670 2705; baseline -0.001 -29"><span class='ocrx_word' id='word_1_121' title='bbox 305 2615 477 2703; x_wconf 84' lang='lat' dir='ltr'><strong>systema</strong></span> <span class='ocrx_word' id='word_1_122' title='bbox 507 2624 725 2678; x_wconf 84' lang='lat' dir='ltr'><strong>nervosum</strong></span> <span class='ocrx_word' id='word_1_123' title='bbox 747 2596 935 2678; x_wconf 81' lang='lat' dir='ltr'><strong>viscerale</strong></span> <span class='ocrx_word' id='word_1_124' title='bbox 967 2622 1039 2676; x_wconf 90' lang='lat' dir='ltr'><strong>seu</strong></span> <span class='ocrx_word' id='word_1_125' title='bbox 1065 2593 1326 2703; x_wconf 83' lang='lat' dir='ltr'><strong>gangliorum.</strong></span> <span class='ocrx_word' id='word_1_126' title='bbox 1357 2596 1462 2677; x_wconf 89' lang='lat' dir='ltr'><strong>Illud</strong></span> <span class='ocrx_word' id='word_1_127' title='bbox 1491 2598 1670 2705; x_wconf 90' lang='lat' dir='ltr'><strong>primum</strong></span> 
     </span>
     <span class='ocr_line' id='line_1_17' title="bbox 302 2710 1668 2819; baseline 0.001 -22"><span class='ocrx_word' id='word_1_128' title='bbox 302 2714 490 2815; x_wconf 84' lang='lat' dir='ltr'><strong>afficitur,</strong></span> <span class='ocrx_word' id='word_1_129' title='bbox 507 2710 603 2791; x_wconf 76' lang='lat' dir='ltr'><strong>(lein</strong></span> <span class='ocrx_word' id='word_1_130' title='bbox 622 2716 748 2815; x_wconf 69' lang='lat' dir='ltr'><strong>religit</strong></span> <span class='ocrx_word' id='word_1_131' title='bbox 760 2721 804 2787; x_wconf 85' lang='lat' dir='ltr'><strong>in</strong></span> <span class='ocrx_word' id='word_1_132' title='bbox 823 2718 960 2787; x_wconf 80' lang='lat' dir='ltr'><strong>omnin</strong></span> <span class='ocrx_word' id='word_1_133' title='bbox 978 2744 1144 2811; x_wconf 78' lang='lat' dir='ltr'><strong>organa,</strong></span> <span class='ocrx_word' id='word_1_134' title='bbox 1163 2734 1204 2794; x_wconf 79' lang='lat' dir='ltr'><strong>et</strong></span> <span class='ocrx_word' id='word_1_135' title='bbox 1225 2744 1347 2813; x_wconf 82' lang='lat' dir='ltr'><strong>quam</strong></span> <span class='ocrx_word' id='word_1_136' title='bbox 1367 2716 1541 2814; x_wconf 72' lang='lat' dir='ltr'><strong>plurima</strong></span> <span class='ocrx_word' id='word_1_137' title='bbox 1561 2745 1668 2819; x_wconf 78' lang='lat' dir='ltr'><strong>Sym·</strong></span> 
     </span>
     <span class='ocr_line' id='line_1_18' title="bbox 277 2822 1664 2941; baseline -0.001 -26"><span class='ocrx_word' id='word_1_138' title='bbox 277 2834 457 2941; x_wconf 76' lang='lat' dir='ltr'><strong>pathide</strong></span> <span class='ocrx_word' id='word_1_139' title='bbox 483 2834 588 2939; x_wconf 84' lang='lat' dir='ltr'><strong>parit</strong></span> <span class='ocrx_word' id='word_1_140' title='bbox 618 2830 907 2937; x_wconf 86' lang='lat' dir='ltr'><strong>phoenomena,</strong></span> <span class='ocrx_word' id='word_1_141' title='bbox 935 2825 1012 2906; x_wconf 89' lang='lat' dir='ltr'><strong>sub</strong></span> <span class='ocrx_word' id='word_1_142' title='bbox 1046 2826 1169 2903; x_wconf 89' lang='lat' dir='ltr'><strong>animi</strong></span> <span class='ocrx_word' id='word_1_143' title='bbox 1199 2822 1406 2906; x_wconf 84' lang='lat' dir='ltr'><strong>affectibus</strong></span> <span class='ocrx_word' id='word_1_144' title='bbox 1433 2828 1664 2913; x_wconf 84' lang='lat' dir='ltr'><strong>observabi·</strong></span> 
     </span>
    </p>
   </div>
   <div class='ocr_carea' id='block_1_4' title="bbox 224 2946 1666 4157">
    <p class='ocr_par' dir='ltr' id='par_1_4' title="bbox 224 2946 1666 3917">
     <span class='ocr_line' id='line_1_19' title="bbox 299 2946 1666 3051; baseline 0.002 -18"><span class='ocrx_word' id='word_1_145' title='bbox 299 2950 364 3034; x_wconf 89' lang='lat' dir='ltr'><strong>lia.</strong></span> <span class='ocrx_word' id='word_1_146' title='bbox 390 2956 499 3033; x_wconf 90' lang='lat' dir='ltr'><strong>Dum</strong></span> <span class='ocrx_word' id='word_1_147' title='bbox 521 2950 669 3034; x_wconf 89' lang='lat' dir='ltr'><strong>modici</strong></span> <span class='ocrx_word' id='word_1_148' title='bbox 687 2965 782 3029; x_wconf 90' lang='lat' dir='ltr'><strong>sunt</strong></span> <span class='ocrx_word' id='word_1_149' title='bbox 807 2946 991 3051; x_wconf 75' lang='lat' dir='ltr'><strong>allectus,</strong></span> <span class='ocrx_word' id='word_1_150' title='bbox 1014 2964 1104 3027; x_wconf 90' lang='lat' dir='ltr'><strong>tum</strong></span> <span class='ocrx_word' id='word_1_151' title='bbox 1129 2947 1251 3026; x_wconf 88' lang='lat' dir='ltr'><strong>etiam</strong></span> <span class='ocrx_word' id='word_1_152' title='bbox 1280 2950 1427 3029; x_wconf 90' lang='lat' dir='ltr'><strong>reactio</strong></span> <span class='ocrx_word' id='word_1_153' title='bbox 1453 2950 1666 3036; x_wconf 88' lang='lat' dir='ltr'><strong>mediocris</strong></span> 
     </span>
     <span class='ocr_line' id='line_1_20' title="bbox 298 3068 1665 3185; baseline 0.004 -32"><span class='ocrx_word' id='word_1_154' title='bbox 298 3091 380 3175; x_wconf 87' lang='lat' dir='ltr'><strong>cst,</strong></span> <span class='ocrx_word' id='word_1_155' title='bbox 408 3074 635 3153; x_wconf 80' lang='lat' dir='ltr'><strong>functiones</strong></span> <span class='ocrx_word' id='word_1_156' title='bbox 665 3070 775 3152; x_wconf 85' lang='lat' dir='ltr'><strong>haud</strong></span> <span class='ocrx_word' id='word_1_157' title='bbox 807 3070 980 3149; x_wconf 90' lang='lat' dir='ltr'><strong>multum</strong></span> <span class='ocrx_word' id='word_1_158' title='bbox 1013 3068 1209 3149; x_wconf 87' lang='lat' dir='ltr'><strong>recedunt</strong></span> <span class='ocrx_word' id='word_1_159' title='bbox 1231 3097 1256 3148; x_wconf 88' lang='lat' dir='ltr'><strong>a</strong></span> <span class='ocrx_word' id='word_1_160' title='bbox 1280 3089 1391 3151; x_wconf 86' lang='lat' dir='ltr'><strong>recto</strong></span> <span class='ocrx_word' id='word_1_161' title='bbox 1413 3076 1595 3185; x_wconf 78' lang='lat' dir='ltr'><strong>tramite,</strong></span> <span class='ocrx_word' id='word_1_162' title='bbox 1623 3095 1665 3159; x_wconf 86' lang='lat' dir='ltr'><strong>et</strong></span> 
     </span>
     <span class='ocr_line' id='line_1_21' title="bbox 297 3192 1662 3301; baseline 0.004 -28"><span class='ocrx_word' id='word_1_163' title='bbox 297 3218 394 3273; x_wconf 85' lang='lat' dir='ltr'><strong>mox</strong></span> <span class='ocrx_word' id='word_1_164' title='bbox 417 3195 461 3272; x_wconf 91' lang='lat' dir='ltr'><strong>in</strong></span> <span class='ocrx_word' id='word_1_165' title='bbox 479 3194 694 3301; x_wconf 90' lang='lat' dir='ltr'><strong>pristinum</strong></span> <span class='ocrx_word' id='word_1_166' title='bbox 714 3208 861 3273; x_wconf 90' lang='lat' dir='ltr'><strong>statum</strong></span> <span class='ocrx_word' id='word_1_167' title='bbox 883 3194 1159 3272; x_wconf 89' lang='lat' dir='ltr'><strong>restituuntur.</strong></span> <span class='ocrx_word' id='word_1_168' title='bbox 1174 3192 1405 3274; x_wconf 90' lang='lat' dir='ltr'><strong>Immodicis</strong></span> <span class='ocrx_word' id='word_1_169' title='bbox 1423 3214 1583 3301; x_wconf 84' lang='lat' dir='ltr'><strong>contra,</strong></span> <span class='ocrx_word' id='word_1_170' title='bbox 1605 3199 1662 3279; x_wconf 82' lang='lat' dir='ltr'><strong>ef·</strong></span> 
     </span>
     <span class='ocr_line' id='line_1_22' title="bbox 298 3311 1662 3421; baseline 0.006 -29"><span class='ocrx_word' id='word_1_171' title='bbox 298 3312 424 3396; x_wconf 78' lang='lat' dir='ltr'><strong>fectus</strong></span> <span class='ocrx_word' id='word_1_172' title='bbox 445 3314 523 3395; x_wconf 90' lang='lat' dir='ltr'><strong>sub</strong></span> <span class='ocrx_word' id='word_1_173' title='bbox 542 3340 682 3395; x_wconf 84' lang='lat' dir='ltr'><strong>sensus</strong></span> <span class='ocrx_word' id='word_1_174' title='bbox 704 3316 830 3421; x_wconf 85' lang='lat' dir='ltr'><strong>magis</strong></span> <span class='ocrx_word' id='word_1_175' title='bbox 852 3311 1020 3417; x_wconf 89' lang='lat' dir='ltr'><strong>cadunt,</strong></span> <span class='ocrx_word' id='word_1_176' title='bbox 1042 3312 1195 3395; x_wconf 88' lang='lat' dir='ltr'><strong>diutius</strong></span> <span class='ocrx_word' id='word_1_177' title='bbox 1218 3332 1403 3413; x_wconf 88' lang='lat' dir='ltr'><strong>manent,</strong></span> <span class='ocrx_word' id='word_1_178' title='bbox 1427 3332 1468 3396; x_wconf 90' lang='lat' dir='ltr'><strong>et</strong></span> <span class='ocrx_word' id='word_1_179' title='bbox 1488 3316 1662 3400; x_wconf 86' lang='lat' dir='ltr'><strong>functio-</strong></span> 
     </span>
     <span class='ocr_line' id='line_1_23' title="bbox 297 3433 1662 3550; baseline 0.001 -35"><span class='ocrx_word' id='word_1_180' title='bbox 297 3462 398 3517; x_wconf 89' lang='lat' dir='ltr'><strong>num</strong></span> <span class='ocrx_word' id='word_1_181' title='bbox 414 3437 605 3517; x_wconf 81' lang='lat' dir='ltr'><strong>exercitio</strong></span> <span class='ocrx_word' id='word_1_182' title='bbox 623 3435 829 3517; x_wconf 87' lang='lat' dir='ltr'><strong>obstacula</strong></span> <span class='ocrx_word' id='word_1_183' title='bbox 847 3436 969 3545; x_wconf 92' lang='lat' dir='ltr'><strong>poni,</strong></span> <span class='ocrx_word' id='word_1_184' title='bbox 986 3434 1195 3546; x_wconf 73' lang='lat' dir='ltr'><strong>nubeque</strong></span> <span class='ocrx_word' id='word_1_185' title='bbox 1213 3433 1556 3550; x_wconf 64' lang='lat' dir='ltr'><strong>multaeconcitari</strong></span> <span class='ocrx_word' id='word_1_186' title='bbox 1573 3466 1662 3547; x_wconf 82' lang='lat' dir='ltr'><strong>pos·</strong></span> 
     </span>
     <span class='ocr_line' id='line_1_24' title="bbox 298 3547 1661 3667; baseline 0.003 -30"><span class='ocrx_word' id='word_1_187' title='bbox 298 3575 402 3637; x_wconf 90' lang='lat' dir='ltr'><strong>sunt</strong></span> <span class='ocrx_word' id='word_1_188' title='bbox 424 3558 651 3659; x_wconf 87' lang='lat' dir='ltr'><strong>Gaudium,</strong></span> <span class='ocrx_word' id='word_1_189' title='bbox 671 3586 805 3658; x_wconf 86' lang='lat' dir='ltr'><strong>amor,</strong></span> <span class='ocrx_word' id='word_1_190' title='bbox 829 3559 889 3665; x_wconf 82' lang='lat' dir='ltr'><strong>ira</strong></span> <span class='ocrx_word' id='word_1_191' title='bbox 912 3584 1129 3639; x_wconf 80' lang='lat' dir='ltr'><strong>nervosum</strong></span> <span class='ocrx_word' id='word_1_192' title='bbox 1148 3572 1319 3667; x_wconf 86' lang='lat' dir='ltr'><strong>systema</strong></span> <span class='ocrx_word' id='word_1_193' title='bbox 1337 3547 1383 3635; x_wconf 83' lang='lat' dir='ltr'><strong>ac</strong></span> <span class='ocrx_word' id='word_1_194' title='bbox 1399 3558 1506 3638; x_wconf 87' lang='lat' dir='ltr'><strong>vires</strong></span> <span class='ocrx_word' id='word_1_195' title='bbox 1523 3560 1661 3642; x_wconf 85' lang='lat' dir='ltr'><strong>vitales</strong></span> 
     </span>
     <span class='ocr_line' id='line_1_25' title="bbox 297 3677 1661 3779; baseline 0.007 -25"><span class='ocrx_word' id='word_1_196' title='bbox 297 3677 523 3779; x_wconf 88' lang='lat' dir='ltr'><strong>stimulant,</strong></span> <span class='ocrx_word' id='word_1_197' title='bbox 549 3699 592 3762; x_wconf 89' lang='lat' dir='ltr'><strong>et</strong></span> <span class='ocrx_word' id='word_1_198' title='bbox 616 3681 720 3763; x_wconf 90' lang='lat' dir='ltr'><strong>hanc</strong></span> <span class='ocrx_word' id='word_1_199' title='bbox 739 3681 795 3762; x_wconf 86' lang='lat' dir='ltr'><strong>ob</strong></span> <span class='ocrx_word' id='word_1_200' title='bbox 815 3708 972 3763; x_wconf 85' lang='lat' dir='ltr'><strong>causam</strong></span> <span class='ocrx_word' id='word_1_201' title='bbox 989 3706 1142 3764; x_wconf 89' lang='lat' dir='ltr'><strong>nomen</strong></span> <span class='ocrx_word' id='word_1_202' title='bbox 1163 3680 1422 3775; x_wconf 79' lang='lat' dir='ltr'><strong>excitantium</strong></span> <span class='ocrx_word' id='word_1_203' title='bbox 1445 3678 1661 3763; x_wconf 79' lang='lat' dir='ltr'><strong>affectuum</strong></span> 
     </span>
     <span class='ocr_line' id='line_1_26' title="bbox 224 3803 1658 3917; baseline 0.007 -40"><span class='ocrx_word' id='word_1_204' title='bbox 224 3908 228 3917; x_wconf 23' lang='grc' dir='ltr'>Ι</span> <span class='ocrx_word' id='word_1_205' title='bbox 297 3816 526 3900; x_wconf 61' lang='lat' dir='ltr'><strong>merentum</strong></span> <span class='ocrx_word' id='word_1_206' title='bbox 556 3805 736 3901; x_wconf 85' lang='lat' dir='ltr'><strong>tristitia,</strong></span> <span class='ocrx_word' id='word_1_207' title='bbox 760 3821 911 3902; x_wconf 90' lang='lat' dir='ltr'><strong>metus,</strong></span> <span class='ocrx_word' id='word_1_208' title='bbox 941 3803 1102 3907; x_wconf 89' lang='lat' dir='ltr'><strong>odium,</strong></span> <span class='ocrx_word' id='word_1_209' title='bbox 1130 3820 1203 3882; x_wconf 84' lang='lat' dir='ltr'><strong>ete.</strong></span> <span class='ocrx_word' id='word_1_210' title='bbox 1232 3804 1439 3901; x_wconf 81' lang='lat' dir='ltr'><strong>oppositos</strong></span> <span class='ocrx_word' id='word_1_211' title='bbox 1472 3825 1658 3887; x_wconf 82' lang='lat' dir='ltr'><strong>exercent</strong></span> 
     </span>
    </p>

    <p class='ocr_par' dir='ltr' id='par_1_5' title="bbox 297 3917 1655 4157">
     <span class='ocr_line' id='line_1_27' title="bbox 297 3917 1655 4035; baseline 0.006 -36"><span class='ocrx_word' id='word_1_212' title='bbox 297 3918 478 4029; x_wconf 71' lang='lat' dir='ltr'><strong>effecum,</strong></span> <span class='ocrx_word' id='word_1_213' title='bbox 495 3922 600 4007; x_wconf 82' lang='lat' dir='ltr'><strong>vires</strong></span> <span class='ocrx_word' id='word_1_214' title='bbox 623 3924 761 4005; x_wconf 86' lang='lat' dir='ltr'><strong>vitales</strong></span> <span class='ocrx_word' id='word_1_215' title='bbox 782 3926 1006 4030; x_wconf 88' lang='lat' dir='ltr'><strong>resolvunt,</strong></span> <span class='ocrx_word' id='word_1_216' title='bbox 1028 3924 1142 4035; x_wconf 90' lang='lat' dir='ltr'><strong>quasi</strong></span> <span class='ocrx_word' id='word_1_217' title='bbox 1170 3917 1460 4028; x_wconf 88' lang='lat' dir='ltr'><strong>comprimunt,</strong></span> <span class='ocrx_word' id='word_1_218' title='bbox 1483 3926 1655 4007; x_wconf 72' lang='lat' dir='ltr'><strong>mortio·</strong></span> 
     </span>
     <span class='ocr_line' id='line_1_28' title="bbox 297 4042 1650 4157; baseline 0.007 -38"><span class='ocrx_word' id='word_1_219' title='bbox 297 4064 479 4151; x_wconf 83' lang='lat' dir='ltr'><strong>numque</strong></span> <span class='ocrx_word' id='word_1_220' title='bbox 498 4048 734 4149; x_wconf 72' lang='lat' dir='ltr'><strong>languorem</strong></span> <span class='ocrx_word' id='word_1_221' title='bbox 758 4048 957 4125; x_wconf 79' lang='lat' dir='ltr'><strong>inducunt</strong></span> <span class='ocrx_word' id='word_1_222' title='bbox 979 4079 989 4122; x_wconf 76' lang='grc' dir='ltr'><strong>ι</strong></span> <span class='ocrx_word' id='word_1_223' title='bbox 1014 4042 1124 4123; x_wconf 84' lang='lat' dir='ltr'><strong>unde</strong></span> <span class='ocrx_word' id='word_1_224' title='bbox 1150 4056 1347 4125; x_wconf 81' lang='lat' dir='ltr'><strong>vocantur</strong></span> <span class='ocrx_word' id='word_1_225' title='bbox 1372 4045 1650 4157; x_wconf 89' lang='lat' dir='ltr'><strong>deprimentes.</strong></span> 
     </span>
    </p>
   </div>
   <div class='ocr_carea' id='block_1_5' title="bbox 0 0 2264 5867">
    <p class='ocr_par' dir='ltr' id='par_1_6' title="bbox 0 0 2264 5867">
     <span class='ocr_line' id='line_1_29' title="bbox 0 0 2264 5867; baseline 0 4"><span class='ocrx_word' id='word_1_226' title='bbox 0 0 2264 5867; x_wconf 95' lang='lat' dir='ltr'><strong> </strong></span> 
     </span>
    </p>
   </div>
  </div>
 </body>
</html>
