4517 5867
638 676 682 749 72
1046 648 1203 723 unaue.
1231 647 1319 721 sac
1347 646 1636 733 scuoumsnr

638 843 843 955 possidere
861 854 1003 953 queat,
1025 866 1186 919 necesse
1205 839 1272 936 sit,
1293 855 1339 919 ut
1359 866 1438 943 res,
1456 864 1556 950 quas
1573 835 1663 915 vult
1679 834 1906 948 possidere,
1917 847 1999 926 sint

637 969 681 1047 in
700 966 942 1051 commercio
957 964 1202 1059 constitutae;
1219 989 1311 1041 nam
1332 962 1426 1045 licet
1445 959 1612 1071 quidem
1627 958 1820 1041 naturalis
1838 966 1936 1047 ratio
1955 967 2000 1049 id

638 1089 757 1167 nobis
787 1114 872 1167 non
899 1086 1044 1183 dictet,
1074 1112 1169 1167 cum
1192 1084 1270 1171 lroc
1292 1085 1446 1166 nullam
1476 1085 1584 1162 inter
1607 1110 1671 1162 res
1693 1085 1739 1162 in
1761 1091 2001 1167 commercio

636 1214 872 1295 constitutas
889 1227 930 1290 et
947 1238 996 1290 ex
1013 1236 1062 1289 eo
1076 1228 1280 1320 exemptas
1296 1208 1600 1289 distinctionem
1617 1203 1756 1307 faciat,
1780 1210 2005 1291 ostenditur

637 1336 714 1423 hoc
733 1336 846 1425 facile
865 1364 913 1419 cx
926 1336 1023 1415 Jure
1038 1332 1344 1429 Civili;etenim
1358 1330 1507 1411 dicitur
1523 1331 1567 1407 in
1587 1344 1661 1407 art.
1673 1329 1776 1411 9996
1790 1332 1890 1411 Cod.
1911 1335 2006 1414 eiu:

636 1498 656 1539 ι
668 1492 723 1547 on
744 1492 795 1545 ne
811 1430 911 1569 peut
926 1461 1124 1568 prescrirc
1139 1458 1179 1535 le
1195 1455 1383 1537 domaine
1397 1455 1468 1535 des
1483 1456 1624 1534 choses
1636 1456 1706 1563 qui
1719 1482 1771 1535 ne
1781 1474 1875 1535 sont
1888 1460 2007 1565 point

636 1585 736 1666 dans
746 1584 784 1663 le
794 1609 1058 1676 commerear
1072 1608 1168 1685 ergo
1179 1606 1325 1659 neceas
1335 1578 1551 1688 possidere,
1561 1577 1756 1688 quoniam
1767 1581 2005 1688 perdiutur·

636 1734 730 1786 uam
740 1704 1033 1813 possessionem
1046 1730 1186 1781 earum
1197 1702 1426 1783 dominium
1441 1704 1754 1812 acquiremus,
1771 1702 1885 1813 quod
1900 1720 2009 1785 vetat

636 1826 767 1912 dictus
777 1827 978 1909 articulus.
991 1826 1098 1905 Hinc
1114 1826 1287 1905 civiliter
1300 1842 1341 1904 et
1350 1823 1523 1933 juridice
1532 1824 1744 1932 spossidc-re
1763 1853 1848 1907 non
1859 1854 2003 1935 possu-

634 1980 725 2031 mus
745 1980 808 2033 res
826 1950 955 2033 divini
974 1969 1044 2031 aut
1056 1949 1211 2059 publici
1223 1948 1344 2057 juris,
1362 1947 1504 2059 quales
1514 1967 1612 2028 sunt
1623 1948 1835 2058 templum,
1854 1978 2003 2031 coeme·

632 2078 799 2173 terium,
836 2074 993 2173 forum,
1022 2073 1156 2183 platea
1193 2070 1349 2183 aliaque
1376 2070 1468 2151 loca
1497 2071 1681 2181 publica,
1709 2101 1884 2185 quorum
1908 2102 2008 2183 pro·

634 2198 782 2305 prietas
799 2212 929 2283 exart.
943 2194 1020 2277 538
1036 2194 1137 2275 Cod.
1151 2194 1237 2280 civ.
1255 2192 1312 2304 ad⁸
1319 2195 1523 2303 privatum
1535 2199 1741 2303 pertinere
1759 2225 1845 2276 non
1860 2214 2011 2304 potest,

636 2320 733 2434 quia
751 2316 814 2405 his
835 2335 895 2399 est
915 2316 966 2405 de
985 2316 1126 2411 rebus,
1150 2316 1201 2398 de
1220 2315 1370 2428 quibus
1387 2333 1459 2403 art.
1478 2318 1583 2400 9996
1607 2317 1908 2426 intelligendus.
1926 2321 2014 2400 Nec

637 2441 789 2539 obstat,
807 2439 921 2552 quod
940 2467 989 2524 err
1001 2455 1070 2517 art.
1092 2464 1195 2545 9997
1216 2438 1416 2544 possimus
1434 2453 1575 2532 contra
1589 2441 1822 2536 nationem,
1842 2469 2017 2549 corpora

637 2562 802 2648 moralia
825 2560 986 2667 publica
1005 2576 1045 2636 et
1063 2558 1241 2636 civitates
1253 2554 1529 2661 praescribcre;
1543 2583 1635 2633 nam
1647 2556 1715 2642 hic
1729 2562 1926 2640 articulus
1943 2592 2016 2643 ac-

635 2686 713 2795 cipi
725 2681 847 2763 debet
856 2679 907 2761 de
917 2677 1157 2787 rebus,quae
1170 2702 1254 2757 uon
1263 2675 1317 2763 ita
1326 2677 1572 2769 commercio
1582 2695 1894 2791 suntexemptae,
1910 2710 2015 2793 quo.

635 2810 771 2889 minus
792 2809 836 2877 io
846 2832 900 2875 oo
919 2800 1145 2875 constitutas
1155 2809 1244 2872 esse
1264 2796 1444 2895 valeant,
1471 2798 1517 2879 id
1541 2807 1616 2896 est,
1643 2802 1760 2914 quod
1780 2831 1868 2883 non
1884 2806 2016 2914 possit

638 2924 765 3033 accipi
784 2921 834 3002 de
853 2918 932 3000 illis
950 2916 1090 3017 rebus,
1110 2940 1200 3033 quae
1217 2914 1424 3021 pertinent
1443 2919 1498 2993 ad
1509 2924 1714 3015 nationem
1730 2925 1822 3029 jum
1841 2956 2015 3013 aummae

636 3045 842 3161 potestatis
858 3046 945 3151 (par
965 3038 1075 3124 droit
1091 3033 1142 3123 de
1161 3032 1452 3139 souveraiuete')
1465 3036 1534 3149 (ι).
1544 3036 1766 3128 Videamus
1782 3071 1893 3139 nunc
1903 3073 2011 3159 quo.

636 3170 776 3287 tuplex
792 3170 845 3251 sit
865 3164 1073 3277 possessio.

695 3368 756 3445 Ex
773 3362 1008 3461 definitione
1028 3388 1051 3438 a
1069 3356 1220 3441 Codice
1242 3357 1353 3461 data,
1368 3361 1591 3468 respondet
1599 3362 1723 3444 lCtus
1737 3345 1988 3482 Humanum)

641 3488 870 3567 luculenter
896 3502 1063 3596 patere,
1089 3482 1188 3565 duas
1216 3481 1392 3563 diversas
1419 3486 1686 3591 possessionis
1717 3487 1804 3569 dari
1832 3497 2007 3602 species,

642 3606 762 3686 aliam
783 3632 908 3713 quam
929 3636 1004 3710 per
1023 3623 1184 3684 nosmet
1201 3606 1310 3712 ipsos
1327 3604 1575 3706 detinemus,
1592 3608 1709 3689 aliam
1726 3640 1848 3720 quam
1868 3614 2007 3693 minis-

642 3725 746 3809 terio
775 3726 938 3806 alterius
970 3724 1218 3831 detinemus,
1248 3756 1285 3809 v.
1305 3756 1342 3836 g.
1370 3731 1595 3812 ministerio
1624 3732 1753 3812 coloni
1772 3734 2004 3838 depositarii

644 3848 949 3933 commodatarii
969 3864 1040 3928 etc.
1063 3849 1176 3930 Illam
1205 3854 1427 3935 naturalem
1454 3854 1555 3936 hanc
1579 3882 1672 3935 vero
1691 3853 1850 3933 'civilem
1866 3861 2008 3939 ‘nomi-

644 3992 721 4058 nat.
742 3976 897 4056 Verum
919 3969 1087 4085 quidem
1115 3990 1196 4076 est,
1224 3976 1336 4085 quod
1364 3978 1408 4058 iu
1433 3979 1568 4059 nostra
1580 3977 1864 4059 Dissertationc
1883 4008 2005 4089 supe-

644 4102 729 4189 rius
747 4099 985 4195 dixerimus,
1000 4094 1132 4198 illum,
1150 4098 1222 4208 qui
1234 4102 1457 4181 ministerio
1473 4100 1635 4181 alterius
1652 4099 1824 4201 detinet,
1838 4130 2007 4213 quoque

1994 3432 2007 3478 i

687 4374 736 4460 (r)
757 4376 798 4443 V.
820 4374 1017 4441 Mirantur
1034 4371 1085 4437 ad.
1109 4372 1166 4439 dd.
1186 4396 1244 4439 arr.
1266 4372 1352 4438 9996
1368 4390 1402 4439 st
1417 4395 1514 4463 ²²²7·

690 4544 738 4641 (a)
761 4546 813 4615 Ad
829 4568 877 4613 nr.
896 4548 935 4613 ro
950 4546 996 4613 du
1011 4548 1119 4615 Traite
1135 4547 1177 4617 da
1192 4548 1223 4613 la
1240 4548 1445 4628 rossoton,
1461 4572 1521 4640 par
1538 4552 1698 4619 Pomm.
