4517 5867
506 535 510 538 ’
631 551 679 604 aa
1013 513 1204 590 loannis
1225 512 1449 588 ΜΒΝ)
1470 505 1649 586 raom

686 709 882 822 Plrysicus
905 705 1054 790 Orsted
1080 722 1187 788 reete
1206 705 1513 803 animadvertit,
1535 703 1767 817 origeniana
1780 720 2018 816 eteotpora

630 835 806 932 aridate,
824 829 1115 940 hydrogenium
1130 846 1174 910 et
1191 855 1357 939 corpora
1373 829 1553 926 reducta,
1568 827 1623 911 ad
1635 829 1751 939 polos
1765 827 2018 937 respectivos

630 953 855 1072 pervenire,
879 951 956 1036 alia
975 951 1136 1063 quidem
1153 979 1248 1036 cum
1263 951 1406 1059 majori
1426 949 1654 1034 intensitate
1670 950 1735 1036 ris
1750 948 2023 1034 combinatioe

630 1083 724 1186 pis3
751 1079 828 1160 alia
856 1103 952 1161 vero
979 1103 1071 1158 cum
1089 1093 1204 1158 aucta
1221 1072 1583 1174 combustibilitate.
1616 1073 1755 1157 Priora
1780 1068 2018 1152 observavit

631 1203 800 1286 celorico
817 1201 988 1282 carentia
1008 1198 1116 1309 quod
1134 1197 1367 1292 affinitatem
1383 1213 1518 1309 auget,
1534 1197 1755 1308 posteriora
1773 1221 1867 1279 cum
1883 1192 2018 1274 abun·

631 1323 766 1408 dantia
784 1351 871 1434 quae
889 1320 1284 1407 combustibilitatem
1300 1335 1430 1433 auget.

685 1495 748 1574 Ex
770 1494 927 1574 calorici
945 1493 1098 1576 theoria
1116 1493 1229 1600 cujus
1247 1493 1314 1574 hic
1330 1493 1532 1574 notionem
1550 1489 1696 1590 affero,
1714 1487 2017 1599 hydrugenium
2049 1490 2052 1494 ’

630 1614 822 1710 liberum,
840 1615 904 1698 vel
923 1644 1014 1696 cum
1032 1617 1203 1724 metalliq
1221 1615 1492 1722 conjunctum,
1511 1613 1728 1692 maximam
1747 1611 1907 1696 calorici
1924 1637 2018 1718 par-

627 1751 712 1818 tem
733 1736 958 1850 continens,
978 1737 1054 1819 sub
1072 1739 1257 1821 columna
1285 1735 1453 1821 fluidum
1475 1735 1702 1818 electricum
1728 1761 1808 1813 non
1836 1730 2042 1839 amplius.

629 1855 707 1938 sibi
728 1855 942 1970 adjungere
959 1861 1079 1960 valet,
1098 1874 1145 1940 ut
1163 1859 1203 1942 id
1221 1862 1264 1942 in
1282 1861 1498 1943 calaricum
1516 1852 1734 1957 modificet3
1752 1855 1821 1936 sed
1841 1851 2017 1934 lluidum

625 1975 704 2060 surb
732 1980 992 2090 applicatione
1019 1985 1196 2091 accipere
1226 1983 1366 2083 debet,
1398 2011 1480 2093 quo
1509 1983 1797 2063 conductorum
1825 2003 1941 2056 more
1972 1975 2016 2055 in

624 2127 741 2181 suam
761 2099 1011 2211 superficiem
1029 2102 1249 2185 conducere
1268 2105 1405 2212 possit.
1418 2101 1452 2184 E
1465 2120 1603 2184 contra
1622 2101 1849 2212 exigenium
1868 2095 2019 2178 combi-

427 2327 432 2338 ·
529 2224 533 2232 ’
626 2237 767 2304 natum
789 2237 830 2302 et
854 2225 972 2304 oxida
986 2223 1154 2305 fluidum
1168 2226 1340 2305 retinent
1357 2243 1403 2305 ut
1415 2227 1457 2306 id
1475 2227 1517 2305 in
1536 2226 1750 2306 caloricum
1764 2219 2015 2340 modificent,

623 2361 665 2426 et
678 2359 725 2424 ut
737 2341 1125 2455 hydrogeninmsese
1139 2346 1285 2425 iterum
1304 2374 1352 2427 eo
1375 2362 1527 2428 saturet
1541 2345 1629 2427 loco
1648 2347 1819 2457 oxigonii
1833 2373 2013 2456 quocum

621 2483 709 2546 erat
726 2470 994 2572 conjunctum.
1012 2465 1263 2548 Modilicatur
1282 2469 1417 2578 itaque
1435 2469 1652 2550 caloricum
1662 2469 1704 2548 in
1723 2469 1889 2550 fluidum
1907 2467 2014 2546 elec-

618 2586 786 2686 tricum3
805 2587 974 2698 indeque
991 2591 1247 2698 potissimum
1263 2590 1314 2670 ad
1332 2592 1636 2699 applicationem
1653 2589 1949 2699 hydrogenium
1968 2605 2010 2667 et

620 2732 787 2816 corpora
807 2707 990 2810 reducta,
1016 2711 1066 2793 ad
1083 2712 1395 2821 penetrationem
1415 2729 1549 2794 autem
1573 2739 1739 2823 corpora
1760 2709 1918 2791 oxidata
1940 2740 2010 2819 ap-

620 2847 753 2936 petere
776 2829 902 2936 debet.
926 2834 1065 2944 lfriora
1078 2861 1257 2946 corpora
1284 2831 1452 2944 fluidum
1477 2833 1653 2924 ducunt,
1686 2822 2007 2914 altera'fluidum

621 2947 665 3029 ln
688 2941 901 3026 611Οῇ011111
920 2935 1196 3020 moffiffltum
1219 2933 1546 3047 slffiarljungunt.
1568 2941 1682 3021 Alter
1704 2945 1811 3025 enim
1835 2943 2005 3031 effectus

622 3067 735 3165 fluidi
753 3061 1005 3178 presentem
1022 3056 1232 3170 relinquit,
1250 3057 1349 3139 alter
1366 3059 1466 3141 illud
1486 3057 1717 3146 substrahit.

675 3277 738 3356 Ex
757 3271 822 3352 his
840 3295 930 3381 quaa
945 3293 1070 3378 supra
1085 3265 1267 3348 diximus
1283 3293 1403 3348 omne
1420 3267 1592 3350 fluidum
1609 3272 1885 3353 exoneratione
1911 3301 2002 3383 sup

620 3395 841 3507 peditatum
860 3389 1203 3473 recelonficationi
1227 3390 1464 3502 lryrlragenii
1482 3391 1759 3495 adhiberetur,
1776 3395 1885 3505 quod
1911 3398 2000 3479 sive

621 3519 672 3600 ad
688 3533 838 3598 statum
855 3514 961 3624 garis
978 3513 1181 3611 transiret,
1207 3514 1294 3596 sire
1310 3539 1404 3594 cura
1420 3513 1508 3596 basi
1525 3516 1721 3596 meamea
1738 3507 2000 3599 combinatio-

621 3666 712 3721 nem
729 3637 858 3718 iniret.
877 3633 985 3716 Tum
1006 3635 1127 3716 etiam
1142 3635 1346 3739 columna,
1362 3639 1406 3719 in
1425 3667 1472 3719 ea
1487 3637 1639 3720 ratione
1656 3663 1736 3748 qua
1753 3640 1993 3750 hydrogeoii

623 3757 919 3843 recalorificatio
937 3755 1064 3859 lieret,
1084 3757 1371 3842 exhauriretur.

627 3929 633 3938 ’
674 3931 852 4012 Effectus
888 3929 961 4041 qui
991 3929 1092 4012 fiunt
1116 3929 1267 4042 absque
1288 3930 1673 4042 dehydrogenatione
1697 3931 1867 4044 origenii
1891 3961 2002 4013 com·

620 4051 725 4164 pleta
746 4071 785 4133 et
802 4053 952 4164 absque
969 4051 1314 4136 recalorificatione
1333 4053 1571 4164 hydrogenii
1590 4069 1781 4152 saturata,
1799 4055 1993 4135 columnae

620 4191 769 4258 statum
802 4176 1048 4285 implicatum
1071 4177 1258 4259 reddunt.
1280 4177 1395 4260 Unde
1424 4175 1648 4256 efficiuntur
1682 4177 1991 4284 interruptiones

621 4325 710 4407 quae
727 4298 938 4377 nominatae
955 4317 1050 4379 sunt
1069 4302 1281 4379 necessitas
1297 4325 1382 4377 sese
1402 4297 1617 4414 reficiendi,
1637 4325 1727 4409 quac
1743 4299 1876 4408 potius
1897 4313 1990 4377 sunt

484 4481 487 4486 ,
618 4419 829 4500 necessitas
842 4447 926 4499 sese
935 4421 978 4501 in
987 4422 1212 4502 oneratione
1225 4418 1416 4500 uniformi
1424 4421 1571 4501 iterum
1580 4419 1854 4502 distribuendi.
1869 4413 1987 4522 Quod
