4517 5867
625 629 670 711 aa
968 615 1444 698 stautanrnnsanu
1465 621 1647 700 nouus

623 839 692 915 ro,
712 803 800 892 cer'd
821 805 961 914 viridi,
988 812 1162 921 gummi,
1182 813 1348 895 materia
1370 785 1571 896 colorante
1590 816 1824 926 extractirl,
1855 814 1993 903 facula

622 931 806 1038 lichenis,
824 949 863 1015 et
879 934 1045 1015 materia
1063 935 1267 1020 insolubili
1279 938 1496 1050 ,amylaced

672 1155 803 1270 Fungi
830 1159 1032 1243 continent
1059 1189 1246 1275 magnam
1279 1166 1541 1276 quantitatem
1568 1165 1743 1277 materia
1771 1166 1992 1278 spongiosae

618 1280 843 1370 insolubilis
875 1287 1161 1394 quaefinrgim
1187 1287 1321 1398 audit,
1349 1305 1390 1372 et
1413 1287 1571 1374 duobus
1599 1288 1723 1374 acidis
1751 1288 1919 1372 boletico
1951 1306 1994 1370 et
2082 1387 2087 1402 .

619 1401 780 1516 fungico
794 1405 921 1490 dictis.

669 1609 711 1692 N
710 1625 834 1694 atuiae
849 1615 1150 1726 investigatores
1169 1617 1440 1729 probaverunt
1459 1641 1597 1702 omnes
1612 1618 1770 1730 plantas
1788 1648 1810 1701 e
1830 1619 1992 1700 semini·

615 1730 693 1816 bus
706 1739 846 1822 enasci.
867 1740 1004 1824 Plures
1018 1742 1137 1832 etiam
1150 1744 1200 1829 ad
1214 1742 1508 1856 generationem
1520 1759 1779 1853 spontaneam
1789 1741 1987 1824 inclinant.

618 1857 866 1944 Germinatio
878 1880 939 1944 est
953 1863 1034 1948 haec
1049 1868 1358 1976 explicationum
1370 1867 1603 1976 embryonis
1616 1865 1772 1948 seriesa
1788 1879 1988 1944 momento
2003 1889 2007 1896 ’

616 1985 855 2067 maturitatis
881 2014 1009 2100 usquc
1035 1988 1086 2070 ad
1112 1988 1212 2070 illud
1240 2017 1320 2099 quo
1342 1991 1614 2100 integumenta
1639 1988 1845 2070 seminalia
1869 1986 1987 2067 exuit.

615 2104 797 2206 Quodvis
823 2135 956 2190 semen
982 2127 1137 2191 constat
1162 2109 1293 2192 tribus
1312 2111 1519 2220 partibus:
1540 2109 1869 2221 cotyledouibus,
1889 2107 1988 2189 radi·

614 2227 700 2303 cula
728 2246 766 2301 et
794 2229 992 2332 plumbii:
1016 2250 1097 2313 tres
1129 2234 1193 2314 hae
1218 2250 1352 2342 partes
1380 2235 1657 2341 integumento
1673 2233 1781 2334 qnod
1801 2230 1987 2306 amicale

612 2344 723 2428 audit
746 2345 1013 2428 includuntur.
1040 2345 1199 2426 Primus
1227 2350 1391 2426 effectus
1420 2346 1718 2456 germinationis
1747 2363 1808 2427 est
1832 2346 1985 2428 inflatio

609 2468 744 2551 totalis
766 2483 836 2548 aut
862 2469 1040 2578 partialis
1069 2467 1323 2577 embryonis,
1347 2469 1454 2550 unde
1475 2471 1656 2552 nascitur
1678 2468 1863 2580 abruptio
1882 2471 1985 2552 intc-

606 2608 891 2702 gumentorum
921 2591 1182 2678 seminalium.
1211 2593 1415 2702 limbryo,
1440 2620 1535 2703 pars
1563 2594 1736 2676 maxime
1766 2594 1986 2676 essentialis

610 2715 778 2824 plantae,
795 2715 944 2826 species
957 2732 1017 2800 est
1033 2716 1197 2830 planta,
1213 2715 1490 2801 subtilioribus
1509 2745 1532 2798 e
1549 2715 1731 2830 partibus
1754 2719 1986 2828 composita.

662 2935 917 3020 Conditiones
950 2941 1180 3013 necessariae
1197 2939 1492 3040 gunsinum
1521 2939 1584 3012 11ae
1616 2949 1711 3012 sunt
1731 2945 1746 3012 ε’
1775 2931 1983 3043 Expositis

607 3060 771 3142 seminis
791 3074 906 3139 certae
924 3069 1199 3164 temperatura
1219 3077 1375 3162 semper
1393 3081 1516 3163 supra
1542 3083 1567 3133 ο
1588 3083 1612 3134 a
1635 3083 1682 3134 ιο
1698 3054 1750 3136 ad
1771 3051 1867 3160 30⁰,
1887 3089 1980 3139 oon-

608 3197 738 3262 tactus
757 3207 848 3260 cum
868 3181 970 3288 aqua
987 3192 1027 3256 et
1046 3203 1138 3286 gase
1162 3177 1379 3286 oxygeni03
1400 3203 1559 3258 necesse
1582 3203 1741 3289 quoque
1765 3195 1827 3260 est
1847 3197 1894 3261 ut
1914 3211 1979 3262 se·

608 3329 702 3384 men
718 3302 769 3385 ab
786 3301 939 3383 actione
956 3299 1166 3384 viridioris
1185 3298 1348 3381 luminis
1366 3299 1621 3386 subducatur.

647 3508 819 3592 'Semina
846 3535 927 3590 unu
952 3507 1017 3592 vel
1046 3505 1231 3618 pluribus
1258 3507 1559 3618 cotyledonibus
1588 3509 1862 3613 instruuntur,
1888 3540 1978 3624 quse

605 3651 755 3720 certam
776 3632 1036 3744 quantitatem
1053 3630 1228 3712 materiae
1249 3627 1432 3713 larinow
1452 3629 1682 3734 includunt,
1696 3631 1754 3714 ibi
1774 3633 1977 3716 collectam

607 3775 654 3840 ut
680 3757 924 3840 nutrimento
946 3754 1342 3865 embryonis·plantae
1360 3754 1551 3836 inserviat
1577 3780 1699 3864 quarn
1709 3754 1896 3864 primum
1919 3756 1978 3838 in·

606 3881 739 3994 digere
757 3881 905 3991 incipit.
927 3882 1080 3962 Tamen
1101 3878 1178 3962 hoc
1194 3878 1427 3960 alimentum
1444 3895 1689 3990 praeparetur
1712 3905 1869 3960 necesse
1894 3895 1976 3982 est,

606 4022 818 4114 antequam
838 4004 915 4085 hoc
937 4003 1014 4086 sibi
1035 4003 1227 4085 assimilet
1247 4004 1382 4113 planta
1402 4001 1453 4082 ad
1471 4000 1748 4084 formationem
1763 4017 1806 4084 et
1827 3999 1976 4111 perfec

605 4129 753 4209 tionem
774 4155 1023 4238 organorum.
1054 4125 1261 4210 Probabile
1284 4144 1346 4208 est
1364 4125 1497 4208 omnia
1519 4125 1796 4244 phaenomena,
1819 4153 1909 4238 qua
1929 4127 1973 4207 in

604 4251 888 4364 germinatione
902 4251 1273 4350 animadvertimus,
1293 4251 1506 4334 consistere
1522 4249 1565 4332 in
1578 4245 1864 4333 mutationibus
1881 4248 1973 4330 che·
2068 4314 2071 4321 .

604 4375 717 4453 inicis
735 4375 874 4484 quaein
891 4373 968 4454 hoe
982 4373 1168 4453 alimento
1180 4373 1475 4484 producuntur,
1489 4391 1529 4455 et
1543 4373 1585 4455 in
1596 4371 1873 4482 explicatione,
1883 4399 1970 4480 quse

601 4493 691 4576 inde
711 4497 985 4606 consequitur,
1003 4494 1145 4602 plantae
1166 4524 1414 4604 organorum.
