4517 5867
617 645 862 721 RESPONSIO
885 644 948 713 AD
971 642 1140 731 QUAEST.
1164 642 1306 712 tunm.
1599 644 1644 740 87

281 880 380 937 nous
400 866 578 930 tenons...
589 873 681 954 par
698 842 962 921 nous-memes
981 866 1033 917 ou
1047 867 1133 947 par
1149 867 1206 918 un
1224 857 1341 920 autre
1357 844 1432 950 qui
1449 838 1493 921 la
1509 845 1641 922 nent...

205 1014 208 1019 ·
282 1006 332 1057 en
343 991 455 1054 notre
468 999 579 1068 nom,
595 967 767 1079 requirit
786 965 844 1043 rei
862 960 1239 1070 apprehensionem,
1248 964 1306 1042 ita
1313 963 1422 1044 utad
1435 965 1646 1074 acquiren·
1672 1012 1678 1026 ·

282 1098 379 1179 dam
404 1093 707 1207 possessionem·
720 1114 879 1167 necesse
908 1085 977 1181 sit,
999 1101 1047 1162 ut
1073 1112 1137 1164 res
1167 1086 1492 1193 apprehendatur
1513 1090 1648 1168 animo

284 1220 460 1319 domini,
484 1245 533 1298 eo
552 1212 666 1325 quod
688 1239 763 1291 neo
785 1207 873 1289 solo
893 1209 1028 1289 animo
1052 1234 1127 1290 nec
1150 1207 1245 1288 solo
1257 1235 1428 1316 corpore
1450 1210 1649 1317 possessio

286 1344 439 1452 acquiri
460 1353 602 1447 potest.

337 1587 397 1665 Ex
408 1578 598 1689 e0,quod
613 1578 810 1686 possessio
829 1602 914 1656 non
933 1576 1158 1685 aequiritur
1175 1575 1253 1655 nisi
1272 1578 1408 1655 animo
1428 1591 1469 1654 et
1485 1600 1654 1683 corpore

286 1704 427 1803 simul,
457 1700 711 1780 deducebant
744 1698 941 1796 Romani,
970 1696 1173 1775 haeredem
1196 1698 1490 1805 possessionem
1516 1723 1655 1774 rerum

286 1823 629 1907 haereditariarum
652 1846 735 1897 non
763 1816 998 1926 acquirere,
1026 1819 1103 1895 nisi
1128 1844 1196 1897 eas
1217 1817 1481 1927 corporaliter
1506 1844 1652 1926 appre-

285 1947 490 2028 hendisset
508 1972 601 2023 cum
614 1943 749 2021 animo
768 1939 845 2019 sihi
866 1938 1059 2039 habendi,
1074 1955 1114 2018 at
1131 1964 1230 2018 vero
1242 1940 1293 2018 de
1312 1943 1409 2020 lure
1427 1940 1655 2035 Hodierno,

287 2073 381 2151 licet
403 2072 482 2149 hoc
509 2094 633 2173 quam
656 2064 828 2141 maxime
850 2062 1058 2141 conforme
1078 2078 1183 2138 esset
1200 2078 1352 2139 naturae
1368 2062 1653 2169 possessionis,

291 2192 377 2281 haec
398 2192 452 2266 ita
477 2214 562 2263 non
582 2184 755 2293 amplihs
776 2182 979 2278 obtinent,
1000 2179 1072 2259 sed
1092 2180 1148 2259 ob
1171 2180 1326 2259 dictum
1350 2182 1508 2260 celebre
1525 2181 1658 2260 Galli·

291 2338 384 2392 cum
404 2311 470 2387 :le
497 2324 600 2386 mort
625 2308 741 2385 scrisit
770 2305 910 2405 lenus,
946 2300 1059 2412 quod
1085 2299 1297 2381 fundatum
1328 2304 1659 2410 praesumptione,
1742 2295 1745 2300 ’

291 2432 372 2543 qud
391 2430 604 2509 defunctus
622 2442 809 2504 censetur
832 2417 1127 2531 possessionem
1150 2450 1265 2503 suam
1288 2423 1441 2503 haeredi
1467 2424 1661 2526 donasse,

293 2556 491 2633 sancitum
508 2567 567 2629 est
586 2565 658 2627 art
678 2545 756 2655 724
775 2544 874 2624 Cod.
897 2545 1001 2644 civ,
1019 2545 1260 2626 haereditatis
1283 2546 1462 2625 aditione
1482 2546 1662 2625 dominia

294 2704 379 2755 non
393 2674 526 2752 solum
535 2669 607 2750 sed
621 2686 662 2748 et
673 2667 961 2775 possessiones,
976 2692 1076 2776 quas
1096 2664 1310 2747 destructus
1323 2683 1507 2774 ternpore
1520 2668 1662 2745 mortis

295 2794 478 2902 reliquit,
507 2791 773 2899 acquiruntur
792 2786 943 2867 haeredi
966 2790 1054 2883 ipso
1078 2789 1192 2882 inre,
1216 2788 1260 2865 id
1290 2805 1370 2873 est.
1399 2790 1502 2886 quin
1530 2788 1662 2867 ullum

295 2914 443 3003 lactum
461 2930 596 3011 ponat,
607 2938 767 3003 necesse
790 2912 863 3004 sit,
888 2899 1043 2983 tametsi
1062 2898 1222 3003 ignoret
1241 2896 1513 2978 hereditatem
1532 2906 1582 2980 ad
1600 2912 1664 3011 ip·

297 3060 387 3113 sum
409 3029 584 3121 venisse3
609 3025 667 3102 ita
685 3040 733 3101 ut
751 3020 801 3103 de
819 3025 915 3101 Jure
934 3019 1143 3100 Hodierno
1162 3025 1397 3133 acquiratur
1415 3024 1491 3105 hoe
1508 3027 1551 3106 iu
1570 3053 1666 3107 casu

300 3152 499 3261 possessio
513 3148 664 3256 absque
680 3143 881 3253 corporali
894 3141 1212 3250 apprehensione
1225 3173 1318 3225 curn
1329 3148 1465 3227 animo
1476 3149 1665 3230 habendi.

302 3271 577 3353 Nihilominus
594 3286 730 3349 tamen
742 3282 874 3375 potest
892 3264 1029 3370 regula
1049 3294 1058 3342 :
1078 3266 1114 3345 le
1132 3285 1235 3347 mon
1249 3273 1362 3383 sapit
1381 3271 1418 3347 le
1439 3275 1520 3374 off,
1538 3273 1667 3348 conci·

185 3484 188 3493 ¹
303 3393 495 3473 liaricum
506 3393 726 3500 principio,
739 3418 788 3469 ex
802 3416 885 3498 quo
900 3392 1095 3497 possessio
1106 3390 1422 3501 nonacq'uiritur
1434 3394 1513 3469 nisi
1531 3393 1664 3470 animo

304 3532 344 3593 et
365 3542 535 3622 corpore
560 3514 699 3614 simul,
723 3511 894 3592 dicendo
921 3538 1089 3620 nempe,
1118 3511 1319 3591 haeredem
1338 3515 1383 3588 in
1413 3503 1591 3609 tantum,
1621 3515 1665 3593 in

304 3652 503 3743 quantum
525 3637 558 3715 is
579 3635 780 3715 mediante
804 3634 902 3741 legis
922 3634 1083 3715 fictione
1108 3634 1295 3714 videatur
1312 3659 1398 3712 esse
1417 3634 1666 3715 continuatio

304 3782 486 3865 personae
515 3756 716 3859 defuncti,
740 3783 826 3837 non
852 3784 1000 3837 novam
1022 3759 1316 3864 possessionem
1339 3759 1568 3867 acquirere,
1595 3758 1667 3839 sed
1710 3750 1714 3759 ’

307 3909 397 3962 eam
417 3904 538 3990 quam
556 3877 770 3960 defunctus
789 3879 966 3960 hahebat
985 3880 1221 3959 continuare
1247 3884 1263 3985 (
1288 3878 1315 3982 ).

358 4122 454 4201 Non
467 4122 634 4202 cuilibet
646 4140 781 4203 tamen
794 4124 1013 4202 successori
1025 4122 1349 4235 acquirituripso
1366 4122 1457 4234 jure
1471 4124 1665 4233 possessio

316 4402 333 4431 ⁸
355 4394 404 4484 (r)
417 4396 457 4465 V.
474 4398 625 4467 Porsina
641 4399 735 4467 truite
752 4400 794 4469 de
807 4402 837 4468 la
851 4400 987 4470 Possess.
1003 4424 1051 4469 nr.
1070 4404 1113 4493 67
1135 4422 1168 4474 et
1182 4426 1230 4474 nr.
1248 4428 1285 4473 ar
1303 4407 1379 4475 titre
1400 4406 1457 4476 des
1472 4428 1524 4475 cas
1539 4430 1665 4499 posses·

315 4518 427 4569 sones.
1622 4528 1625 4533 ·
