4517 5867
630 646 676 717 ss
924 600 927 613 ’
1018 643 1176 715 nnsnc.
1190 641 1279 711 nc.
1296 639 1584 710 senoensem

633 846 903 953 possessionis.
925 842 979 920 At
996 839 1107 919 aliud
1126 854 1185 917 est
1202 834 1460 944 praescribere
1478 852 1617 914 contra
1634 834 1802 915 titulum
1821 864 1899 919 sure
1915 870 2001 950 pos·

633 963 954 1063 sessionis,aliud
964 958 1222 1073 praescribere
1234 957 2005 1063 ultratituiumsusepossessionis.Ultra

632 1087 799 1167 titulum
815 1086 1075 1194 possessionis
1091 1085 1265 1195 quisque
1281 1097 1416 1191 potest
1429 1076 1706 1187 prescribere,
1719 1098 1767 1159 ut
1783 1110 1820 1159 v.
1837 1110 1874 1188 g.
1889 1087 2007 1164 titulo

636 1206 814 1323 quodam
829 1208 1022 1319 acquisiti
1031 1204 1245 1287 medietate
1259 1202 1427 1311 alicujus
1438 1199 1553 1281 fundi
1564 1228 1730 1309 possum
1741 1202 1913 1283 alteram
1926 1235 2009 1285 me-

635 1330 825 1411 dietatem
842 1331 1141 1440 praescriptione
1156 1329 1341 1434 adipisci,
1353 1324 1455 1407 nihil
1469 1326 1579 1404 enim
1594 1324 1781 1432 impedit,
1791 1330 2014 1437 quominus

635 1481 743 1533 novo
763 1452 883 1531 titulo
903 1452 995 1529 fiam
1016 1454 1138 1527 etiam
1161 1448 1354 1526 dominus
1373 1449 1481 1524 illius
1500 1445 1747 1548 medietatis,
1768 1449 1846 1526 nisi
1864 1458 2013 1527 'tamen

636 1589 865 1653 contractus
889 1586 992 1649 esset
1011 1568 1250 1663 bilateralis‚
1268 1570 1363 1675 quin
1389 1584 1488 1679 tunc
1511 1570 1724 1675 reciprocae
1746 1569 2011 1675 obligationes

637 1720 679 1771 se
705 1693 879 1771 invicem
898 1690 1118 1789 sustinent,
1139 1689 1194 1767 ita
1211 1704 1258 1767 ut
1275 1688 1465 1768 alteruter
1486 1716 1570 1768 non
1589 1693 1716 1796 possit
1734 1693 2018 1799 praescribere,

637 1818 739 1926 quin
761 1811 992 1923 praescribat
1009 1828 1150 1891 contra
1168 1810 1334 1889 titulum
1352 1838 1434 1891 suae
1451 1813 1713 1918 possessionis
1734 1817 1749 1921 (
1775 1814 1801 1917 ).

688 2006 860 2085 Axioma
880 2020 1017 2083 antem
1039 2002 1140 2103 hoo,
1159 2000 1273 2110 quod
1291 2030 1412 2085 nemo
1432 2006 1560 2112 possit
1577 2004 1656 2085 sibi
1674 2022 1828 2086 mutare
1844 2007 2018 2088 titulum

637 2155 718 2209 sure
741 2127 1027 2234 possessionis,
1053 2152 1138 2204 non
1162 2125 1297 2205 solum
1322 2125 1374 2207 de
1394 2128 1462 2225 iis,
1485 2131 1557 2237 qui
1579 2128 1658 2209 sibi
1686 2131 1763 2239 ipsi
1782 2130 2019 2239 possident,

637 2249 844 2329 sedetiam
864 2247 915 2326 de
934 2248 1005 2348 iis,
1025 2248 1098 2356 qui
1118 2247 1251 2326 alieno
1269 2250 1436 2328 nomine
1455 2250 1681 2355 possident,
1699 2250 2015 2357 intelligendum

639 2386 714 2467 est,
730 2386 771 2449 et
782 2384 995 2476 propterea
1009 2369 1161 2447 dicitur
1173 2369 1216 2446 in
1230 2384 1303 2447 art
1319 2368 1424 2451 2236
1435 2398 1444 2445 ε
1456 2398 1587 2447 «ceux
1598 2372 1669 2475 qui
1678 2370 1901 2474 possident
1909 2400 2019 2479 pour

638 2491 773 2569 eutrui
797 2516 850 2567 ne
870 2488 1119 2593 prescrivent
1136 2484 1297 2590 jamnis,
1313 2513 1386 2591 par
1405 2485 1582 2593 quelque
1604 2486 1689 2591 laps
1707 2487 1759 2565 de
1777 2505 1911 2595 temps
1931 2520 2018 2601 que

637 2636 681 2687 ce
699 2608 794 2707 soit,
811 2638 831 2681 r
847 2607 871 2683 i.
888 2604 1049 2712 equod
1066 2603 1154 2704 ille,
1175 2604 1248 2711 qui
1263 2630 1351 2682 rem
1369 2602 1490 2683 titulo
1509 2603 1792 2685 conductionis
1805 2608 1871 2686 vel
1888 2612 2014 2691 titulo

638 2728 811 2835 depositi
830 2744 899 2805 sut
913 2723 1156 2824 commodati
1169 2741 1302 2825 tenet,
1314 2724 1482 2804 titulum
1494 2754 1575 2805 sure
1586 2726 1835 2809 detentionis
1855 2749 2013 2811 mutare

640 2872 726 2923 non
744 2841 873 2949 possit
895 2832 1167 2939 confingendo
1187 2834 1297 2942 apud
1319 2864 1362 2917 se
1382 2845 1509 2925 alium
1530 2850 1698 2927 titulum
1724 2854 2015 2956 possessionis,

641 2982 738 3073 puto
768 2959 935 3041 titulum
960 2982 1037 3064 pro
1067 2954 1243 3050 haerede,
1271 2973 1318 3034 ut
1339 2962 1468 3063 possit
1493 2961 1613 3065 hujus
1634 2964 1794 3041 lucrum
1817 2964 1945 3047 facere
1972 2990 2016 3051 et

640 3114 730 3167 eam
747 3077 1006 3190 prescribere
1034 3094 1106 3157 art
1132 3076 1236 3185 2257
1259 3078 1306 3155 in
1324 3078 1360 3174 ᾗ.
1386 3078 1520 3186 Hujus
1535 3108 1635 3161 vero
1652 3080 1929 3191 dispositionis
1947 3119 2014 3171 ra-

639 3210 799 3287 tionem
817 3206 886 3285 dat
898 3202 1019 3283 nobis
1032 3202 1076 3281 in
1096 3198 1417 3281 discussionibus
1434 3204 1561 3283 Breor
1581 3233 1632 3285 un
1648 3206 1904 3313 Pndsusnnu,
1922 3209 2015 3291 ideo

642 3352 787 3436 nempe
801 3353 887 3405 non
896 3340 1066 3433 possunt
1075 3322 1241 3403 titulum
1253 3349 1335 3403 suae
1348 3320 1597 3406 detentionis
1605 3344 1779 3427 mutare,
1789 3333 1887 3439 quis
1895 3359 2013 3412 nemo

641 3467 774 3557 potest
792 3476 875 3529 uno
895 3464 936 3527 et
952 3447 1096 3527 eodem
1113 3462 1298 3554 tempore
1311 3444 1389 3525 sibi
1409 3447 1534 3525 etalii
1553 3450 1777 3555 possidere,
1789 3454 1840 3549 is,
1855 3456 1927 3561 qui
1938 3482 2013 3533 no-

526 3628 528 3633 ·
646 3571 755 3649 mine
775 3568 939 3647 alterius
956 3568 1381 3677 possidet,perpetuat
1400 3588 1650 3681 renovatque
1671 3576 1784 3654 omni
1807 3592 2010 3651 momento

533 3778 542 3804 ι
643 3680 938 3800 possessionem
957 3688 1088 3790 illius,
1116 3689 1232 3796 cujus
1250 3693 1418 3773 nomine
1438 3692 1639 3799 possidet,
1657 3712 1699 3774 et
1717 3710 2009 3798 cumtempus,

643 3842 718 3923 per
737 3810 851 3924 quod
876 3811 968 3922 quis
994 3810 1127 3890 alieno
1158 3814 1325 3891 nomine
1354 3830 1488 3920 potest
1508 3816 1732 3922 possidere,
1749 3815 1802 3893 sit
1818 3812 2010 3895 indefini-

644 3952 754 4035 tum,
769 3962 854 4013 non
868 3960 1081 4042 possumus
1098 3931 1272 4015 statuere
1289 3952 1462 4041 tempus,
1473 3964 1557 4044 quo
1577 3938 1632 4035 is,
1651 3936 1725 4045 qui
1742 3963 1816 4043 per
1836 3936 2010 4017 alterurn

646 4054 839 4165 possidet,
853 4055 1048 4135 dicendus
1067 4073 1125 4135 est
1142 4058 1393 4162 possessione
1406 4057 1479 4134 sud
1491 4056 1693 4163 spoliatus
1711 4056 1756 4133 Si
1773 4058 1908 4164 itnque
1926 4056 2011 4135 fun-

648 4180 741 4283 dus,
758 4206 882 4290 quem
898 4178 1101 4285 possideo,
1118 4179 1305 4259 videatur
1322 4178 1424 4259 mihi
1444 4196 1512 4257 aut
1532 4178 1592 4277 ei,
1609 4177 1677 4256 cui
1698 4177 1927 4257 immediate
1945 4178 2010 4257 vel

648 4301 819 4385 mediate
832 4301 1018 4404 successi,
1030 4300 1081 4379 ab
1097 4301 1237 4412 aliquo
1253 4300 1375 4381 inisse
1387 4301 1557 4407 locatus,
1568 4298 1744 4385 videbor
1754 4326 1913 4407 semper
1925 4326 2009 4409 pos

692 4490 740 4579 (r)
761 4495 800 4563 V.
815 4494 969 4557 anrnr
983 4492 1024 4558 ed
1040 4452 1097 4558 arti
1116 4493 1211 4571 2241.
1236 4492 1318 4558 Cod.
1340 4493 1410 4557 eiv.
