4517 5867
519 512 767 597 ιιιιοιιειο
789 524 856 595 ιι)
878 524 1192 615 ρυιιιιοιιιι
1214 533 1457 605 rursrctrt.
1622 561 1641 630 t

195 810 199 817 ,
274 754 392 839 posse
418 725 610 841 attingere
636 725 888 811 arbitremur.
917 728 1052 831 Qram
1079 730 1289 813 veritatem
1314 736 1546 821 electrieitas
1570 768 1645 823 nu·

248 872 252 879 ·
273 852 443 961 petrime
460 848 656 961 probarit.
672 852 915 964 Frequentes
934 868 1047 933 erant
1059 853 1326 964 experientiae,
1339 883 1467 967 neque
1483 858 1646 945 deerant

271 974 602 1075 ohservationes·;
622 990 756 1057 tamen
776 974 1072 1059 desiderabatur
1091 978 1226 1088 legum
1244 1006 1294 1059 ex
1313 975 1460 1087 quibus
1483 978 1643 1087 phaeno—

271 1121 389 1179 mena
404 1097 605 1179 orirentur
630 1115 810 1181 securata
829 1097 1014 1181 definitio.
1041 1103 1159 1181 Anno
1177 1101 1331 1209 eireiter
1357 1094 1478 1213 1789,
1505 1099 1644 1209 primre

271 1220 406 1327 bujus'
420 1220 658 1303 inventionis
680 1221 973 1307 observationes
996 1222 1188 1323 Galvani,
1208 1223 1414 1333 physices,
1434 1221 1643 1321 Bononiae,

271 1342 490 1421 Professori
510 1368 597 1421 sese
619 1342 873 1440 obtulerunt3
891 1342 960 1449 qui
981 1370 1106 1450 quum
1124 1343 1400 1453 inquisitiones
1421 1342 1645 1422 institueret

270 1460 559 1544 excitabilitatis
578 1488 818 1573 organorum
835 1466 1170 1567 musculariorum
1186 1492 1262 1575 ope
1279 1462 1541 1546 electricitatis
1559 1460 1643 1572 dig—

270 1584 476 1667 noscendoe
488 1586 633 1697 gratia,
649 1586 771 1668 bisin
787 1589 1066 1696 experimentis
1083 1586 1295 1671 adhibebat
1308 1614 1425 1669 ranas
1442 1600 1642 1666 emortuas

269 1706 579 1817 excoriatasque,
593 1734 763 1817 querum
777 1736 921 1792 nervos
930 1710 1123 1793 lumbales
1136 1709 1413 1793 denudaverat.
1432 1707 1640 1804 Praeterea,

269 1856 349 1939 quo
360 1824 514 1911 facilius
526 1857 591 1909 eas
605 1825 832 1939 disponeret
847 1832 891 1911 in
904 1830 1037 1942 aliqua
1054 1848 1168 1942 parte
1182 1824 1374 1913 oolunmse
1390 1828 1640 1919 vertebrslis

267 1946 380 2032 filum
415 1980 606 2063 cupreum
633 1952 782 2034 hami
770 1969 896 2034 instar
923 1970 1179 2038 recurvatum
1211 1951 1472 2035 transfixerat.
1497 1948 1643 2033 Evenit

267 2073 439 2181 quadam
458 2070 521 2155 die
527 2102 682 2184 ,quum
704 2075 877 2183 plurima
896 2100 1086 2156 ranarum
1108 2074 1300 2157 cadavera
1318 2072 1492 2183 pergulae
1504 2070 1643 2152 ferres

268 2189 334 2272 his
352 2196 510 2302 cupreis
525 2194 657 2276 hamis
678 2197 969 2302 suspendisset,
989 2195 1096 2305 quod
1113 2196 1219 2277 illioo
1236 2194 1356 2303 pedes
1375 2210 1417 2271 et
1439 2220 1556 2272 crura
1571 2192 1642 2271 ba—

269 2336 363 2393 rum
377 2340 567 2393 ranarum
585 2313 910 2397 oonrulsionibus
927 2316 1157 2423 spontaneis
1174 2312 1320 2393 affecta
1331 2328 1437 2390 sunt.
1454 2311 1645 2419 Idemque
1760 2304 1765 2315 ’

266 2434 553 2541 Phaess⁰me110n
576 2434 807 2519 occurrebat
824 2434 941 2515 toties
959 2436 1116 2544 quoties
1128 2448 1331 2516 oontaotus
1347 2433 1523 2514 iteratus.
1617 2468 1633 2475 ›·
1692 2455 1695 2462 ·

318 2621 427 2701 'I'um
440 2623 647 2730 temporis,
659 2649 782 2731 nepos
795 2623 896 2730 ejus,
910 2622 1103 2707 Camillus
1117 2620 1305 2718 Calvam,
1318 2647 1394 2731 qur
1401 2617 1508 2729 apud
1520 2623 1642 2721 avnnj·

263 2738 399 2821 culum
418 2743 644 2825 anatomiae
666 2741 876 2842 studebat,
899 2770 1024 2851 quum
1049 2742 1101 2823 ad
1116 2743 1237 2825 unius
1259 2768 1365 2823 ranae
1383 2766 1529 2822 nervos
1546 2764 1640 2845 cru·

265 2886 355 2941 reos
375 2861 553 2937 internos
569 2864 801 2959 scalpellum
817 2862 982 2945 fortuito
1000 2862 1259 2964 admovisset,
1283 2863 1419 2944 statim
1437 2858 1640 2942 membro·
1703 2917 1707 2923 .

264 3006 359 3061 rum
380 2973 551 3055 moroni
573 2971 874 3054 vehementibus
889 2983 1038 3100 sgrtau
1055 2998 1152 3043 sum
1173 2966 1508 3047 worulsionibus
1527 2973 1640 3052 Eam-

266 3098 359 3179 dem
399 3089 683 3203 experientiam
723 3087 854 3169 denuo
886 3082 1059 3165 instituit
1095 3082 1296 3183 Galvani,
1330 3084 1641 3210 scalpellumque

265 3219 475 3325 conjuncta
501 3210 671 3294 scintilla
697 3204 909 3288 electrina
897 3232 942 3285 m
967 3230 1075 3285 rente
1098 3229 1244 3285 nervos
1269 3207 1491 3316 applicarit.
1512 3214 1640 3325 Cujus

266 3336 520 3447 experientia
537 3332 671 3413 felices
688 3344 729 3408 et
741 3325 954 3437 improvisi
975 3321 1142 3407 effeetus
1162 3325 1333 3411 Galvani
1350 3328 1402 3409 ad
1417 3328 1460 3411 id
1475 3332 1636 3442 impule·

265 3475 364 3541 runt
382 3474 438 3537 ut
454 3478 558 3536 nova
581 3466 761 3529 tentaret
784 3444 962 3531 Eventus
985 3458 1118 3527 autem
1141 3470 1222 3527 non
1243 3464 1387 3557 preter
1408 3474 1525 3559 spem
1548 3453 1634 3535 fuit.

266 3582 471 3663 Elementa
489 3566 975 3681 apparatusdiversimodo
995 3568 1237 3707 composuit3
1255 3586 1295 3651 et
1310 3595 1387 3681 pro
1397 3574 1510 3656 veria
1529 3602 1636 3655 oour
1666 3585 1673 3599 ’

267 3694 464 3811 positione
490 3691 661 3772 maxime
693 3684 907 3788 notabiles,
935 3686 1107 3799 quoad
1096 3690 1363 3773 rntensitatem
1393 3712 1434 3775 et
1461 3696 1634 3804 spatium

266 3818 477 3944 temporis,
494 3836 602 3895 ranae
619 3749 923 3893 convulsionurir
935 3824 1033 3891 ortae
1049 3826 1146 3891 sunt
1157 3811 1478 3897 modificationes

319 3991 476 4071 Horum
492 3984 841 4095 pbmnomenorum
862 3980 1222 4119 cognoscendorum
1239 3980 1434 4091 cupiditas
1455 3984 1633 4071 diversas

268 4108 477 4245 variasque
498 4106 740 4213 oonjecturas
753 4103 992 4243 procreavit,
1010 4130 1098 4213 quse
1115 4130 1197 4183 non
1214 4102 1463 4186 mediocriter
1481 4109 1530 4189 ad
1537 4112 1631 4220 gal-

269 4227 440 4327 renisuri
462 4252 693 4335 progressus
719 4225 994 4307 inservierunt
1020 4226 1113 4327 Quo
1137 4218 1269 4307 autem
1285 4224 1541 4335 phaenomena
1564 4258 1632 4312 ex-

269 4347 416 4458 pbcsre
428 4362 561 4454 posset
573 4347 757 4445 Galvam
774 4347 943 4431 duarum
955 4346 1253 4431 electrrcrtatum
1266 4349 1631 4435 concursumsdmi-
