<?xml version="1.0" encoding="UTF-8"?>
<!DOCTYPE html PUBLIC "-//W3C//DTD XHTML 1.0 Transitional//EN"
    "http://www.w3.org/TR/xhtml1/DTD/xhtml1-transitional.dtd">
<html xmlns="http://www.w3.org/1999/xhtml" xml:lang="en" lang="en">
 <head>
  <title>
</title>
<meta http-equiv="Content-Type" content="text/html;charset=utf-8" />
  <meta name='ocr-system' content='tesseract 3.04.00' />
  <meta name='ocr-capabilities' content='ocr_page ocr_carea ocr_par ocr_line ocrx_word'/>
</head>
<body>
  <div class='ocr_page' id='page_1' title='image "annalesacademia01goog_0365.png"; bbox 0 0 4517 5867; ppageno 0'>
   <div class='ocr_carea' id='block_1_1' title="bbox 613 670 1640 762">
    <p class='ocr_par' dir='ltr' id='par_1_1' title="bbox 613 670 1640 762">
     <span class='ocr_line' id='line_1_1' title="bbox 613 670 1640 762; baseline -0.003 -14"><span class='ocrx_word' id='word_1_1' title='bbox 613 672 859 748; x_wconf 81' lang='lat' dir='ltr'><strong>RESPONSIO</strong></span> <span class='ocrx_word' id='word_1_2' title='bbox 883 670 950 743; x_wconf 78' lang='lat' dir='ltr'><strong>AD</strong></span> <span class='ocrx_word' id='word_1_3' title='bbox 971 672 1141 762; x_wconf 83' lang='lat' dir='ltr'><strong>QUAEST.</strong></span> <span class='ocrx_word' id='word_1_4' title='bbox 1166 672 1310 743; x_wconf 80' lang='lat' dir='ltr'><strong>tumn.</strong></span> <span class='ocrx_word' id='word_1_5' title='bbox 1602 699 1640 745; x_wconf 82' lang='lat' dir='ltr'><strong>rr</strong></span> 
     </span>
    </p>
   </div>
   <div class='ocr_carea' id='block_1_2' title="bbox 268 852 1646 1462">
    <p class='ocr_par' dir='ltr' id='par_1_2' title="bbox 268 852 1646 1462">
     <span class='ocr_line' id='line_1_2' title="bbox 327 852 1643 969; baseline -0.005 -27"><span class='ocrx_word' id='word_1_6' title='bbox 327 866 402 943; x_wconf 89' lang='lat' dir='ltr'><strong>Per</strong></span> <span class='ocrx_word' id='word_1_7' title='bbox 419 862 714 969; x_wconf 87' lang='lat' dir='ltr'><strong>possessionem</strong></span> <span class='ocrx_word' id='word_1_8' title='bbox 731 853 955 941; x_wconf 75' lang='lat' dir='ltr'><strong>naturalem</strong></span> <span class='ocrx_word' id='word_1_9' title='bbox 974 870 1015 935; x_wconf 90' lang='lat' dir='ltr'><strong>et</strong></span> <span class='ocrx_word' id='word_1_10' title='bbox 1045 852 1205 933; x_wconf 83' lang='lat' dir='ltr'><strong>civilem</strong></span> <span class='ocrx_word' id='word_1_11' title='bbox 1223 852 1354 951; x_wconf 19' lang='lat' dir='ltr'><strong>‘simul</strong></span> <span class='ocrx_word' id='word_1_12' title='bbox 1382 880 1455 935; x_wconf 87' lang='lat' dir='ltr'><strong>seu</strong></span> <span class='ocrx_word' id='word_1_13' title='bbox 1477 856 1643 936; x_wconf 70' lang='lat' dir='ltr'><strong>mistam</strong></span> 
     </span>
     <span class='ocr_line' id='line_1_3' title="bbox 270 974 1646 1093; baseline -0.005 -28"><span class='ocrx_word' id='word_1_14' title='bbox 270 985 532 1093; x_wconf 82' lang='lat' dir='ltr'><strong>intelligimus</strong></span> <span class='ocrx_word' id='word_1_15' title='bbox 561 1010 678 1087; x_wconf 86' lang='lat' dir='ltr'><strong>eam,</strong></span> <span class='ocrx_word' id='word_1_16' title='bbox 703 1006 825 1093; x_wconf 89' lang='lat' dir='ltr'><strong>quam</strong></span> <span class='ocrx_word' id='word_1_17' title='bbox 853 976 977 1058; x_wconf 89' lang='lat' dir='ltr'><strong>habet</strong></span> <span class='ocrx_word' id='word_1_18' title='bbox 1007 978 1063 1081; x_wconf 91' lang='lat' dir='ltr'><strong>is,</strong></span> <span class='ocrx_word' id='word_1_19' title='bbox 1094 979 1161 1057; x_wconf 84' lang='lat' dir='ltr'><strong>rui</strong></span> <span class='ocrx_word' id='word_1_20' title='bbox 1188 974 1295 1055; x_wconf 90' lang='lat' dir='ltr'><strong>nihil</strong></span> <span class='ocrx_word' id='word_1_21' title='bbox 1317 1004 1367 1055; x_wconf 86' lang='lat' dir='ltr'><strong>ex</strong></span> <span class='ocrx_word' id='word_1_22' title='bbox 1396 977 1646 1059; x_wconf 87' lang='lat' dir='ltr'><strong>naturalibus</strong></span> 
     </span>
     <span class='ocr_line' id='line_1_4' title="bbox 272 1096 1646 1216; baseline -0.004 -28"><span class='ocrx_word' id='word_1_23' title='bbox 272 1096 539 1216; x_wconf 82' lang='lat' dir='ltr'><strong>possessionis</strong></span> <span class='ocrx_word' id='word_1_24' title='bbox 558 1107 679 1189; x_wconf 86' lang='lat' dir='ltr'><strong>deest</strong></span> <span class='ocrx_word' id='word_1_25' title='bbox 701 1104 768 1203; x_wconf 81' lang='lat' dir='ltr'><strong>Sic</strong></span> <span class='ocrx_word' id='word_1_26' title='bbox 788 1102 1125 1211; x_wconf 86' lang='lat' dir='ltr'><strong>dominus,bonae</strong></span> <span class='ocrx_word' id='word_1_27' title='bbox 1145 1098 1316 1181; x_wconf 81' lang='lat' dir='ltr'><strong>etmalae</strong></span> <span class='ocrx_word' id='word_1_28' title='bbox 1332 1097 1427 1178; x_wconf 87' lang='lat' dir='ltr'><strong>lidei</strong></span> <span class='ocrx_word' id='word_1_29' title='bbox 1440 1128 1646 1207; x_wconf 86' lang='lat' dir='ltr'><strong>possessor</strong></span> 
     </span>
     <span class='ocr_line' id='line_1_5' title="bbox 270 1224 1641 1335; baseline -0.006 -24"><span class='ocrx_word' id='word_1_30' title='bbox 270 1232 507 1313; x_wconf 81' lang='lat' dir='ltr'><strong>naturaliter</strong></span> <span class='ocrx_word' id='word_1_31' title='bbox 535 1249 575 1311; x_wconf 90' lang='lat' dir='ltr'><strong>et</strong></span> <span class='ocrx_word' id='word_1_32' title='bbox 607 1230 777 1309; x_wconf 85' lang='lat' dir='ltr'><strong>civiliter</strong></span> <span class='ocrx_word' id='word_1_33' title='bbox 803 1224 1035 1335; x_wconf 89' lang='lat' dir='ltr'><strong>possident,</strong></span> <span class='ocrx_word' id='word_1_34' title='bbox 1065 1224 1232 1335; x_wconf 89' lang='lat' dir='ltr'><strong>qnando</strong></span> <span class='ocrx_word' id='word_1_35' title='bbox 1257 1251 1344 1303; x_wconf 88' lang='lat' dir='ltr'><strong>rem</strong></span> <span class='ocrx_word' id='word_1_36' title='bbox 1370 1251 1541 1330; x_wconf 83' lang='lat' dir='ltr'><strong>corpore</strong></span> <span class='ocrx_word' id='word_1_37' title='bbox 1567 1253 1641 1303; x_wconf 90' lang='lat' dir='ltr'><strong>suo</strong></span> 
     </span>
     <span class='ocr_line' id='line_1_6' title="bbox 268 1347 1644 1462; baseline -0.006 -29"><span class='ocrx_word' id='word_1_38' title='bbox 268 1357 333 1437; x_wconf 90' lang='lat' dir='ltr'><strong>vel</strong></span> <span class='ocrx_word' id='word_1_39' title='bbox 354 1356 535 1462; x_wconf 87' lang='lat' dir='ltr'><strong>corporis</strong></span> <span class='ocrx_word' id='word_1_40' title='bbox 555 1352 674 1433; x_wconf 88' lang='lat' dir='ltr'><strong>alieni</strong></span> <span class='ocrx_word' id='word_1_41' title='bbox 695 1350 919 1431; x_wconf 84' lang='lat' dir='ltr'><strong>ministerio</strong></span> <span class='ocrx_word' id='word_1_42' title='bbox 932 1350 1037 1431; x_wconf 88' lang='lat' dir='ltr'><strong>servi</strong></span> <span class='ocrx_word' id='word_1_43' title='bbox 1054 1366 1155 1457; x_wconf 87' lang='lat' dir='ltr'><strong>puta</strong></span> <span class='ocrx_word' id='word_1_44' title='bbox 1169 1347 1303 1427; x_wconf 91' lang='lat' dir='ltr'><strong>coloni</strong></span> <span class='ocrx_word' id='word_1_45' title='bbox 1321 1347 1644 1455; x_wconf 84' lang='lat' dir='ltr'><strong>procuratorisve</strong></span> 
     </span>
    </p>
   </div>
   <div class='ocr_carea' id='block_1_3' title="bbox 196 1468 1645 1955">
    <p class='ocr_par' dir='ltr' id='par_1_3' title="bbox 196 1468 1645 1955">
     <span class='ocr_line' id='line_1_7' title="bbox 268 1468 1643 1581; baseline -0.004 -26"><span class='ocrx_word' id='word_1_46' title='bbox 268 1476 452 1555; x_wconf 90' lang='lat' dir='ltr'><strong>detinent</strong></span> <span class='ocrx_word' id='word_1_47' title='bbox 471 1501 481 1570; x_wconf 92' lang='lat'><strong>;</strong></span> <span class='ocrx_word' id='word_1_48' title='bbox 512 1474 584 1555; x_wconf 89' lang='lat' dir='ltr'><strong>has</strong></span> <span class='ocrx_word' id='word_1_49' title='bbox 607 1474 716 1553; x_wconf 90' lang='lat' dir='ltr'><strong>enim</strong></span> <span class='ocrx_word' id='word_1_50' title='bbox 736 1499 810 1581; x_wconf 90' lang='lat' dir='ltr'><strong>per</strong></span> <span class='ocrx_word' id='word_1_51' title='bbox 825 1500 1016 1581; x_wconf 83' lang='lat' dir='ltr'><strong>personas</strong></span> <span class='ocrx_word' id='word_1_52' title='bbox 1035 1469 1242 1580; x_wconf 86' lang='lat' dir='ltr'><strong>possidere</strong></span> <span class='ocrx_word' id='word_1_53' title='bbox 1264 1468 1529 1576; x_wconf 80' lang='lat' dir='ltr'><strong>intelligimur</strong></span> <span class='ocrx_word' id='word_1_54' title='bbox 1541 1472 1643 1577; x_wconf 88' lang='lat' dir='ltr'><strong>L.9,</strong></span> 
     </span>
     <span class='ocr_line' id='line_1_8' title="bbox 196 1588 1645 1709; baseline -0.006 -30"><span class='ocrx_word' id='word_1_55' title='bbox 196 1600 198 1607; x_wconf 70' lang='lat'><em>&#39;</em></span> <span class='ocrx_word' id='word_1_56' title='bbox 269 1601 311 1679; x_wconf 85' lang='lat'><strong>1.</strong></span> <span class='ocrx_word' id='word_1_57' title='bbox 336 1598 404 1698; x_wconf 88' lang='lat'><strong>18,</strong></span> <span class='ocrx_word' id='word_1_58' title='bbox 426 1600 469 1679; x_wconf 93' lang='lat' dir='ltr'><strong>L.</strong></span> <span class='ocrx_word' id='word_1_59' title='bbox 493 1596 611 1702; x_wconf 78' lang='lat'><strong>25,§</strong></span> <span class='ocrx_word' id='word_1_60' title='bbox 645 1594 723 1677; x_wconf 82' lang='lat' dir='ltr'><strong>rff.</strong></span> <span class='ocrx_word' id='word_1_61' title='bbox 746 1595 836 1675; x_wconf 80' lang='lat' dir='ltr'><strong>h.t.</strong></span> <span class='ocrx_word' id='word_1_62' title='bbox 875 1596 979 1683; x_wconf 85' lang='lat' dir='ltr'><strong>hanc</strong></span> <span class='ocrx_word' id='word_1_63' title='bbox 1007 1588 1145 1709; x_wconf 83' lang='lat' dir='ltr'><strong>itaque</strong></span> <span class='ocrx_word' id='word_1_64' title='bbox 1174 1594 1434 1704; x_wconf 85' lang='lat' dir='ltr'><strong>possessionis</strong></span> <span class='ocrx_word' id='word_1_65' title='bbox 1468 1595 1645 1701; x_wconf 86' lang='lat' dir='ltr'><strong>speeiem</strong></span> 
     </span>
     <span class='ocr_line' id='line_1_9' title="bbox 270 1718 1644 1829; baseline -0.003 -29"><span class='ocrx_word' id='word_1_66' title='bbox 270 1736 310 1801; x_wconf 90' lang='lat' dir='ltr'><strong>et</strong></span> <span class='ocrx_word' id='word_1_67' title='bbox 330 1738 471 1801; x_wconf 88' lang='lat' dir='ltr'><strong>natura</strong></span> <span class='ocrx_word' id='word_1_68' title='bbox 496 1738 536 1801; x_wconf 92' lang='lat' dir='ltr'><strong>et</strong></span> <span class='ocrx_word' id='word_1_69' title='bbox 553 1721 660 1827; x_wconf 88' lang='lat' dir='ltr'><strong>leges</strong></span> <span class='ocrx_word' id='word_1_70' title='bbox 679 1737 916 1829; x_wconf 85' lang='lat' dir='ltr'><strong>agnoscunt,</strong></span> <span class='ocrx_word' id='word_1_71' title='bbox 934 1718 1044 1803; x_wconf 88' lang='lat' dir='ltr'><strong>unde</strong></span> <span class='ocrx_word' id='word_1_72' title='bbox 1063 1749 1151 1804; x_wconf 85' lang='lat' dir='ltr'><strong>eam</strong></span> <span class='ocrx_word' id='word_1_73' title='bbox 1162 1747 1248 1798; x_wconf 92' lang='lat' dir='ltr'><strong>non</strong></span> <span class='ocrx_word' id='word_1_74' title='bbox 1263 1719 1466 1800; x_wconf 88' lang='lat' dir='ltr'><strong>immerito</strong></span> <span class='ocrx_word' id='word_1_75' title='bbox 1476 1718 1644 1797; x_wconf 80' lang='lat' dir='ltr'><strong>mixtam</strong></span> 
     </span>
     <span class='ocr_line' id='line_1_10' title="bbox 271 1844 706 1955; baseline 0.009 -34"><span class='ocrx_word' id='word_1_76' title='bbox 271 1844 488 1952; x_wconf 79' lang='lat' dir='ltr'><strong>appellasse</strong></span> <span class='ocrx_word' id='word_1_77' title='bbox 506 1863 706 1955; x_wconf 88' lang='lat' dir='ltr'><strong>putamus.</strong></span> 
     </span>
    </p>
   </div>
   <div class='ocr_carea' id='block_1_4' title="bbox 268 2090 1644 2679">
    <p class='ocr_par' dir='ltr' id='par_1_4' title="bbox 268 2090 1644 2679">
     <span class='ocr_line' id='line_1_11' title="bbox 321 2090 1641 2195; baseline -0.002 -26"><span class='ocrx_word' id='word_1_78' title='bbox 321 2094 505 2169; x_wconf 88' lang='lat' dir='ltr'><strong>Tandem</strong></span> <span class='ocrx_word' id='word_1_79' title='bbox 518 2122 591 2195; x_wconf 89' lang='lat' dir='ltr'><strong>per</strong></span> <span class='ocrx_word' id='word_1_80' title='bbox 605 2095 901 2193; x_wconf 84' lang='lat' dir='ltr'><strong>possessionem</strong></span> <span class='ocrx_word' id='word_1_81' title='bbox 914 2093 1074 2165; x_wconf 87' lang='lat' dir='ltr'><strong>civilem</strong></span> <span class='ocrx_word' id='word_1_82' title='bbox 1087 2108 1247 2163; x_wconf 83' lang='lat' dir='ltr'><strong>tantum</strong></span> <span class='ocrx_word' id='word_1_83' title='bbox 1264 2090 1527 2192; x_wconf 80' lang='lat' dir='ltr'><strong>intelligimus</strong></span> <span class='ocrx_word' id='word_1_84' title='bbox 1537 2114 1641 2189; x_wconf 67' lang='lat' dir='ltr'><strong>mm,</strong></span> 
     </span>
     <span class='ocr_line' id='line_1_12' title="bbox 272 2204 1640 2318; baseline 0.001 -29"><span class='ocrx_word' id='word_1_85' title='bbox 272 2236 394 2318; x_wconf 87' lang='lat' dir='ltr'><strong>quam</strong></span> <span class='ocrx_word' id='word_1_86' title='bbox 413 2208 535 2287; x_wconf 84' lang='lat' dir='ltr'><strong>habet</strong></span> <span class='ocrx_word' id='word_1_87' title='bbox 553 2206 608 2307; x_wconf 84' lang='lat' dir='ltr'><strong>is,</strong></span> <span class='ocrx_word' id='word_1_88' title='bbox 627 2208 692 2285; x_wconf 88' lang='lat' dir='ltr'><strong>eni</strong></span> <span class='ocrx_word' id='word_1_89' title='bbox 714 2204 870 2314; x_wconf 90' lang='lat' dir='ltr'><strong>aliquid</strong></span> <span class='ocrx_word' id='word_1_90' title='bbox 888 2234 938 2287; x_wconf 86' lang='lat' dir='ltr'><strong>ex</strong></span> <span class='ocrx_word' id='word_1_91' title='bbox 960 2206 1211 2287; x_wconf 88' lang='lat' dir='ltr'><strong>naturalibus</strong></span> <span class='ocrx_word' id='word_1_92' title='bbox 1224 2208 1488 2314; x_wconf 82' lang='lat' dir='ltr'><strong>possessionis</strong></span> <span class='ocrx_word' id='word_1_93' title='bbox 1507 2208 1640 2307; x_wconf 87' lang='lat' dir='ltr'><strong>deest,</strong></span> 
     </span>
     <span class='ocr_line' id='line_1_13' title="bbox 268 2328 1641 2438; baseline 0 -28"><span class='ocrx_word' id='word_1_94' title='bbox 268 2348 316 2411; x_wconf 93' lang='lat' dir='ltr'><strong>ut</strong></span> <span class='ocrx_word' id='word_1_95' title='bbox 333 2333 389 2428; x_wconf 91' lang='lat' dir='ltr'><strong>is,</strong></span> <span class='ocrx_word' id='word_1_96' title='bbox 418 2330 516 2438; x_wconf 93' lang='lat' dir='ltr'><strong>qui,</strong></span> <span class='ocrx_word' id='word_1_97' title='bbox 537 2355 630 2407; x_wconf 89' lang='lat' dir='ltr'><strong>cum</strong></span> <span class='ocrx_word' id='word_1_98' title='bbox 649 2329 808 2435; x_wconf 85' lang='lat' dir='ltr'><strong>uspiam</strong></span> <span class='ocrx_word' id='word_1_99' title='bbox 829 2328 989 2409; x_wconf 89' lang='lat' dir='ltr'><strong>emisset</strong></span> <span class='ocrx_word' id='word_1_100' title='bbox 1010 2328 1186 2437; x_wconf 78' lang='lat' dir='ltr'><strong>sylvam,</strong></span> <span class='ocrx_word' id='word_1_101' title='bbox 1210 2330 1325 2409; x_wconf 90' lang='lat' dir='ltr'><strong>nullo</strong></span> <span class='ocrx_word' id='word_1_102' title='bbox 1350 2332 1395 2407; x_wconf 90' lang='lat' dir='ltr'><strong>in</strong></span> <span class='ocrx_word' id='word_1_103' title='bbox 1423 2331 1472 2409; x_wconf 77' lang='lat' dir='ltr'><strong>eri</strong></span> <span class='ocrx_word' id='word_1_104' title='bbox 1500 2330 1641 2411; x_wconf 87' lang='lat' dir='ltr'><strong>relicto</strong></span> 
     </span>
     <span class='ocr_line' id='line_1_14' title="bbox 269 2447 1644 2559; baseline 0.001 -28"><span class='ocrx_word' id='word_1_105' title='bbox 269 2452 456 2549; x_wconf 88' lang='lat' dir='ltr'><strong>custode,</strong></span> <span class='ocrx_word' id='word_1_106' title='bbox 488 2450 658 2557; x_wconf 83' lang='lat' dir='ltr'><strong>domum</strong></span> <span class='ocrx_word' id='word_1_107' title='bbox 686 2447 814 2547; x_wconf 90' lang='lat' dir='ltr'><strong>redit;</strong></span> <span class='ocrx_word' id='word_1_108' title='bbox 839 2450 933 2529; x_wconf 89' lang='lat' dir='ltr'><strong>huic</strong></span> <span class='ocrx_word' id='word_1_109' title='bbox 959 2452 1068 2530; x_wconf 91' lang='lat' dir='ltr'><strong>enim</strong></span> <span class='ocrx_word' id='word_1_110' title='bbox 1095 2450 1209 2531; x_wconf 88' lang='lat' dir='ltr'><strong>deest</strong></span> <span class='ocrx_word' id='word_1_111' title='bbox 1229 2450 1433 2549; x_wconf 88' lang='lat' dir='ltr'><strong>detentio,</strong></span> <span class='ocrx_word' id='word_1_112' title='bbox 1456 2450 1528 2532; x_wconf 88' lang='lat' dir='ltr'><strong>sed</strong></span> <span class='ocrx_word' id='word_1_113' title='bbox 1545 2452 1644 2559; x_wconf 85' lang='lat' dir='ltr'><strong>legis</strong></span> 
     </span>
     <span class='ocr_line' id='line_1_15' title="bbox 269 2571 1644 2679; baseline 0.002 -28"><span class='ocrx_word' id='word_1_114' title='bbox 269 2572 432 2653; x_wconf 89' lang='lat' dir='ltr'><strong>fictione</strong></span> <span class='ocrx_word' id='word_1_115' title='bbox 440 2598 516 2679; x_wconf 93' lang='lat' dir='ltr'><strong>pro</strong></span> <span class='ocrx_word' id='word_1_116' title='bbox 524 2578 751 2677; x_wconf 89' lang='lat' dir='ltr'><strong>possessore</strong></span> <span class='ocrx_word' id='word_1_117' title='bbox 762 2571 934 2651; x_wconf 89' lang='lat' dir='ltr'><strong>habetur</strong></span> <span class='ocrx_word' id='word_1_118' title='bbox 948 2601 1028 2679; x_wconf 87' lang='lat' dir='ltr'><strong>arg.</strong></span> <span class='ocrx_word' id='word_1_119' title='bbox 1039 2575 1082 2651; x_wconf 92' lang='lat' dir='ltr'><strong>L.</strong></span> <span class='ocrx_word' id='word_1_120' title='bbox 1095 2572 1182 2677; x_wconf 78' lang='lat'><strong>3,§</strong></span> <span class='ocrx_word' id='word_1_121' title='bbox 1198 2600 1239 2652; x_wconf 86' lang='grc' dir='ltr'><strong>ιι</strong></span> <span class='ocrx_word' id='word_1_122' title='bbox 1253 2571 1341 2651; x_wconf 79' lang='lat' dir='ltr'><strong>fth.</strong></span> <span class='ocrx_word' id='word_1_123' title='bbox 1359 2573 1533 2653; x_wconf 84' lang='lat' dir='ltr'><strong>tAliasi</strong></span> <span class='ocrx_word' id='word_1_124' title='bbox 1544 2576 1644 2654; x_wconf 91' lang='lat' dir='ltr'><strong>velis</strong></span> 
     </span>
    </p>
   </div>
   <div class='ocr_carea' id='block_1_5' title="bbox 268 2691 1643 2919">
    <p class='ocr_par' dir='ltr' id='par_1_5' title="bbox 268 2691 1643 2919">
     <span class='ocr_line' id='line_1_16' title="bbox 272 2691 1641 2804; baseline 0.002 -29"><span class='ocrx_word' id='word_1_125' title='bbox 272 2694 404 2775; x_wconf 92' lang='lat' dir='ltr'><strong>adhuc</strong></span> <span class='ocrx_word' id='word_1_126' title='bbox 422 2694 622 2798; x_wconf 82' lang='lat' dir='ltr'><strong>exempla,</strong></span> <span class='ocrx_word' id='word_1_127' title='bbox 635 2691 728 2769; x_wconf 86' lang='lat' dir='ltr'><strong>vide</strong></span> <span class='ocrx_word' id='word_1_128' title='bbox 746 2694 790 2771; x_wconf 90' lang='lat' dir='ltr'><strong>L.</strong></span> <span class='ocrx_word' id='word_1_129' title='bbox 799 2692 910 2795; x_wconf 55' lang='grc' dir='ltr'><strong>ΔΜ</strong></span> <span class='ocrx_word' id='word_1_130' title='bbox 923 2694 994 2774; x_wconf 89' lang='lat' dir='ltr'><strong>ult</strong></span> <span class='ocrx_word' id='word_1_131' title='bbox 1007 2697 1049 2771; x_wconf 92' lang='lat' dir='ltr'><strong>L.</strong></span> <span class='ocrx_word' id='word_1_132' title='bbox 1061 2694 1113 2792; x_wconf 69' lang='grc'><strong>45</strong></span> <span class='ocrx_word' id='word_1_133' title='bbox 1125 2711 1166 2773; x_wconf 89' lang='lat' dir='ltr'><strong>et</strong></span> <span class='ocrx_word' id='word_1_134' title='bbox 1174 2694 1227 2791; x_wconf 68' lang='lat'><strong>46</strong></span> <span class='ocrx_word' id='word_1_135' title='bbox 1241 2694 1279 2771; x_wconf 81' lang='lat' dir='ltr'><strong>fl.</strong></span> <span class='ocrx_word' id='word_1_136' title='bbox 1296 2694 1335 2771; x_wconf 92' lang='lat' dir='ltr'><strong>h.</strong></span> <span class='ocrx_word' id='word_1_137' title='bbox 1354 2710 1381 2772; x_wconf 92' lang='lat' dir='ltr'><strong>t.</strong></span> <span class='ocrx_word' id='word_1_138' title='bbox 1400 2694 1498 2774; x_wconf 88' lang='lat' dir='ltr'><strong>item</strong></span> <span class='ocrx_word' id='word_1_139' title='bbox 1511 2698 1553 2774; x_wconf 90' lang='lat' dir='ltr'><strong>L.</strong></span> <span class='ocrx_word' id='word_1_140' title='bbox 1565 2696 1641 2804; x_wconf 84' lang='lat'><strong>357</strong></span> 
     </span>
     <span class='ocr_line' id='line_1_17' title="bbox 268 2808 1643 2919; baseline -0.002 -22"><span class='ocrx_word' id='word_1_141' title='bbox 268 2816 349 2897; x_wconf 92' lang='lat' dir='ltr'><strong>L.6</strong></span> <span class='ocrx_word' id='word_1_142' title='bbox 368 2816 502 2914; x_wconf 80' lang='lat' dir='ltr'><strong>§1,L.</strong></span> <span class='ocrx_word' id='word_1_143' title='bbox 523 2812 609 2915; x_wconf 81' lang='lat'><strong>25§</strong></span> <span class='ocrx_word' id='word_1_144' title='bbox 629 2840 653 2890; x_wconf 84' lang='lat'>2</span> <span class='ocrx_word' id='word_1_145' title='bbox 673 2808 1171 2919; x_wconf 78' lang='lat' dir='ltr'><strong>eod.,quarum.omnibus</strong></span> <span class='ocrx_word' id='word_1_146' title='bbox 1184 2816 1229 2886; x_wconf 89' lang='lat' dir='ltr'><strong>in</strong></span> <span class='ocrx_word' id='word_1_147' title='bbox 1245 2814 1521 2911; x_wconf 84' lang='lat' dir='ltr'><strong>casibus,licet</strong></span> <span class='ocrx_word' id='word_1_148' title='bbox 1540 2817 1643 2895; x_wconf 87' lang='lat' dir='ltr'><strong>desit</strong></span> 
     </span>
    </p>
   </div>
   <div class='ocr_carea' id='block_1_6' title="bbox 268 2929 1691 4514">
    <p class='ocr_par' dir='ltr' id='par_1_6' title="bbox 268 2929 1691 4514">
     <span class='ocr_line' id='line_1_18' title="bbox 268 2929 1640 3041; baseline -0.003 -22"><span class='ocrx_word' id='word_1_149' title='bbox 268 2966 363 3019; x_wconf 87' lang='lat' dir='ltr'><strong>vera</strong></span> <span class='ocrx_word' id='word_1_150' title='bbox 392 2935 594 3037; x_wconf 86' lang='lat' dir='ltr'><strong>detentio,</strong></span> <span class='ocrx_word' id='word_1_151' title='bbox 623 2933 785 3013; x_wconf 87' lang='lat' dir='ltr'><strong>fictione</strong></span> <span class='ocrx_word' id='word_1_152' title='bbox 813 2931 914 3039; x_wconf 86' lang='lat' dir='ltr'><strong>legis</strong></span> <span class='ocrx_word' id='word_1_153' title='bbox 933 2930 1141 3041; x_wconf 81' lang='lat' dir='ltr'><strong>possidere</strong></span> <span class='ocrx_word' id='word_1_154' title='bbox 1168 2929 1471 3036; x_wconf 87' lang='lat' dir='ltr'><strong>intelliguntur,</strong></span> <span class='ocrx_word' id='word_1_155' title='bbox 1496 2952 1640 3015; x_wconf 86' lang='lat' dir='ltr'><strong>natura</strong></span> 
     </span>
     <span class='ocr_line' id='line_1_19' title="bbox 269 3053 1691 3170; baseline 0 -31"><span class='ocrx_word' id='word_1_156' title='bbox 269 3062 408 3170; x_wconf 87' lang='lat' dir='ltr'><strong>itaque</strong></span> <span class='ocrx_word' id='word_1_157' title='bbox 430 3086 574 3138; x_wconf 90' lang='lat' dir='ltr'><strong>eorum</strong></span> <span class='ocrx_word' id='word_1_158' title='bbox 596 3057 891 3164; x_wconf 87' lang='lat' dir='ltr'><strong>possessionem</strong></span> <span class='ocrx_word' id='word_1_159' title='bbox 910 3082 995 3135; x_wconf 89' lang='lat' dir='ltr'><strong>non</strong></span> <span class='ocrx_word' id='word_1_160' title='bbox 1019 3053 1213 3161; x_wconf 86' lang='lat' dir='ltr'><strong>agnoseit,</strong></span> <span class='ocrx_word' id='word_1_161' title='bbox 1232 3081 1357 3163; x_wconf 89' lang='lat' dir='ltr'><strong>qnare</strong></span> <span class='ocrx_word' id='word_1_162' title='bbox 1375 3082 1463 3135; x_wconf 90' lang='lat' dir='ltr'><strong>eam</strong></span> <span class='ocrx_word' id='word_1_163' title='bbox 1481 3058 1641 3139; x_wconf 89' lang='lat' dir='ltr'><strong>civilem</strong></span> <span class='ocrx_word' id='word_1_164' title='bbox 1686 3091 1691 3099; x_wconf 89' lang='lat'><strong>·</strong></span> 
     </span>
     <span class='ocr_line' id='line_1_20' title="bbox 269 3178 1639 3290; baseline 0.001 -30"><span class='ocrx_word' id='word_1_165' title='bbox 269 3198 430 3260; x_wconf 90' lang='lat' dir='ltr'><strong>tantum</strong></span> <span class='ocrx_word' id='word_1_166' title='bbox 441 3180 748 3259; x_wconf 85' lang='lat' dir='ltr'><strong>nominavimus.</strong></span> <span class='ocrx_word' id='word_1_167' title='bbox 767 3178 871 3260; x_wconf 90' lang='lat' dir='ltr'><strong>Sunt</strong></span> <span class='ocrx_word' id='word_1_168' title='bbox 882 3194 1016 3257; x_wconf 70' lang='lat' dir='ltr'><strong>umen</strong></span> <span class='ocrx_word' id='word_1_169' title='bbox 1030 3179 1282 3285; x_wconf 87' lang='lat' dir='ltr'><strong>interpretes,</strong></span> <span class='ocrx_word' id='word_1_170' title='bbox 1297 3180 1404 3258; x_wconf 91' lang='lat' dir='ltr'><strong>inter</strong></span> <span class='ocrx_word' id='word_1_171' title='bbox 1413 3208 1518 3290; x_wconf 91' lang='lat' dir='ltr'><strong>qnos</strong></span> <span class='ocrx_word' id='word_1_172' title='bbox 1527 3183 1639 3263; x_wconf 72' lang='grc' dir='ltr'><strong>Μω-</strong></span> 
     </span>
     <span class='ocr_line' id='line_1_21' title="bbox 269 3293 1637 3410; baseline 0 -26"><span class='ocrx_word' id='word_1_173' title='bbox 269 3330 417 3401; x_wconf 79' lang='lat' dir='ltr'><strong>nrssnu,</strong></span> <span class='ocrx_word' id='word_1_174' title='bbox 441 3304 514 3410; x_wconf 91' lang='lat' dir='ltr'><strong>qui</strong></span> <span class='ocrx_word' id='word_1_175' title='bbox 532 3316 696 3409; x_wconf 87' lang='lat' dir='ltr'><strong>putant,</strong></span> <span class='ocrx_word' id='word_1_176' title='bbox 716 3327 987 3409; x_wconf 89' lang='lat' dir='ltr'><strong>possessorem</strong></span> <span class='ocrx_word' id='word_1_177' title='bbox 1000 3293 1043 3379; x_wconf 79' lang='lat' dir='ltr'><strong>d.</strong></span> <span class='ocrx_word' id='word_1_178' title='bbox 1057 3302 1101 3379; x_wconf 89' lang='lat' dir='ltr'><strong>L.</strong></span> <span class='ocrx_word' id='word_1_179' title='bbox 1121 3300 1163 3399; x_wconf 81' lang='lat'><strong>3,</strong></span> <span class='ocrx_word' id='word_1_180' title='bbox 1182 3309 1207 3404; x_wconf 52' lang='grc' dir='ltr'>ᾗ</span> <span class='ocrx_word' id='word_1_181' title='bbox 1229 3330 1270 3409; x_wconf 85' lang='lat'><strong>7,</strong></span> <span class='ocrx_word' id='word_1_182' title='bbox 1284 3305 1326 3380; x_wconf 91' lang='lat' dir='ltr'><strong>L.</strong></span> <span class='ocrx_word' id='word_1_183' title='bbox 1345 3302 1387 3400; x_wconf 91' lang='lat'><strong>6,</strong></span> <span class='ocrx_word' id='word_1_184' title='bbox 1405 3310 1431 3404; x_wconf 87' lang='lat'>§</span> <span class='ocrx_word' id='word_1_185' title='bbox 1448 3330 1484 3399; x_wconf 91' lang='lat'><strong>1,</strong></span> <span class='ocrx_word' id='word_1_186' title='bbox 1502 3304 1545 3380; x_wconf 90' lang='lat' dir='ltr'><strong>L.</strong></span> <span class='ocrx_word' id='word_1_187' title='bbox 1565 3302 1616 3385; x_wconf 80' lang='lat'><strong>25</strong></span> <span class='ocrx_word' id='word_1_188' title='bbox 1627 3364 1637 3401; x_wconf 95' lang='lat'><strong>,</strong></span> 
     </span>
     <span class='ocr_line' id='line_1_22' title="bbox 268 3422 1637 3532; baseline -0.001 -26"><span class='ocrx_word' id='word_1_189' title='bbox 268 3436 295 3531; x_wconf 59' lang='grc' dir='ltr'><strong>ς</strong></span> <span class='ocrx_word' id='word_1_190' title='bbox 317 3454 341 3506; x_wconf 82' lang='lat' dir='ltr'><strong>a</strong></span> <span class='ocrx_word' id='word_1_191' title='bbox 360 3424 399 3503; x_wconf 81' lang='lat' dir='ltr'><strong>ff.</strong></span> <span class='ocrx_word' id='word_1_192' title='bbox 416 3425 454 3503; x_wconf 92' lang='lat' dir='ltr'><strong>h.</strong></span> <span class='ocrx_word' id='word_1_193' title='bbox 474 3442 609 3523; x_wconf 75' lang='lat' dir='ltr'><strong>t.,non</strong></span> <span class='ocrx_word' id='word_1_194' title='bbox 625 3422 784 3504; x_wconf 84' lang='lat' dir='ltr'><strong>civilem</strong></span> <span class='ocrx_word' id='word_1_195' title='bbox 798 3440 957 3505; x_wconf 87' lang='lat' dir='ltr'><strong>tantum</strong></span> <span class='ocrx_word' id='word_1_196' title='bbox 975 3422 1045 3505; x_wconf 89' lang='lat' dir='ltr'><strong>sed</strong></span> <span class='ocrx_word' id='word_1_197' title='bbox 1064 3440 1105 3502; x_wconf 94' lang='lat' dir='ltr'><strong>et</strong></span> <span class='ocrx_word' id='word_1_198' title='bbox 1125 3423 1352 3502; x_wconf 87' lang='lat' dir='ltr'><strong>naturalem</strong></span> <span class='ocrx_word' id='word_1_199' title='bbox 1371 3424 1523 3503; x_wconf 90' lang='lat' dir='ltr'><strong>habere</strong></span> <span class='ocrx_word' id='word_1_200' title='bbox 1543 3452 1637 3532; x_wconf 92' lang='lat' dir='ltr'><strong>pos-</strong></span> 
     </span>
     <span class='ocr_line' id='line_1_23' title="bbox 268 3544 1638 3656; baseline -0.001 -28"><span class='ocrx_word' id='word_1_201' title='bbox 268 3550 503 3648; x_wconf 86' lang='lat' dir='ltr'><strong>sessionem,</strong></span> <span class='ocrx_word' id='word_1_202' title='bbox 517 3547 612 3656; x_wconf 88' lang='lat' dir='ltr'><strong>quia</strong></span> <span class='ocrx_word' id='word_1_203' title='bbox 624 3546 772 3627; x_wconf 86' lang='lat' dir='ltr'><strong>dieitur</strong></span> <span class='ocrx_word' id='word_1_204' title='bbox 788 3550 832 3627; x_wconf 89' lang='lat' dir='ltr'><strong>in</strong></span> <span class='ocrx_word' id='word_1_205' title='bbox 846 3544 909 3626; x_wconf 89' lang='lat' dir='ltr'><strong>his</strong></span> <span class='ocrx_word' id='word_1_206' title='bbox 917 3545 1090 3651; x_wconf 87' lang='lat' dir='ltr'><strong>legibus,</strong></span> <span class='ocrx_word' id='word_1_207' title='bbox 1106 3544 1221 3655; x_wconf 90' lang='lat' dir='ltr'><strong>quod</strong></span> <span class='ocrx_word' id='word_1_208' title='bbox 1235 3546 1406 3625; x_wconf 89' lang='lat' dir='ltr'><strong>retineat</strong></span> <span class='ocrx_word' id='word_1_209' title='bbox 1420 3548 1638 3651; x_wconf 89' lang='lat' dir='ltr'><strong>possessio·</strong></span> 
     </span>
     <span class='ocr_line' id='line_1_24' title="bbox 270 3665 1638 3777; baseline -0.001 -26"><span class='ocrx_word' id='word_1_210' title='bbox 270 3696 380 3772; x_wconf 86' lang='lat' dir='ltr'><strong>nem,</strong></span> <span class='ocrx_word' id='word_1_211' title='bbox 392 3668 502 3748; x_wconf 90' lang='lat' dir='ltr'><strong>unde</strong></span> <span class='ocrx_word' id='word_1_212' title='bbox 520 3666 715 3771; x_wconf 85' lang='lat' dir='ltr'><strong>inferunt,</strong></span> <span class='ocrx_word' id='word_1_213' title='bbox 727 3696 825 3774; x_wconf 88' lang='lat' dir='ltr'><strong>ergo</strong></span> <span class='ocrx_word' id='word_1_214' title='bbox 845 3695 934 3748; x_wconf 84' lang='lat' dir='ltr'><strong>eam</strong></span> <span class='ocrx_word' id='word_1_215' title='bbox 951 3696 1076 3777; x_wconf 86' lang='lat' dir='ltr'><strong>quam</strong></span> <span class='ocrx_word' id='word_1_216' title='bbox 1095 3684 1189 3747; x_wconf 88' lang='lat' dir='ltr'><strong>ante</strong></span> <span class='ocrx_word' id='word_1_217' title='bbox 1206 3665 1397 3768; x_wconf 89' lang='lat' dir='ltr'><strong>habebat,</strong></span> <span class='ocrx_word' id='word_1_218' title='bbox 1412 3684 1452 3747; x_wconf 91' lang='lat' dir='ltr'><strong>et</strong></span> <span class='ocrx_word' id='word_1_219' title='bbox 1464 3668 1638 3776; x_wconf 89' lang='lat' dir='ltr'><strong>proinde</strong></span> 
     </span>
     <span class='ocr_line' id='line_1_25' title="bbox 269 3776 1638 3901; baseline 0.001 -30"><span class='ocrx_word' id='word_1_220' title='bbox 269 3791 502 3890; x_wconf 85' lang='lat' dir='ltr'><strong>naturalem.</strong></span> <span class='ocrx_word' id='word_1_221' title='bbox 519 3793 592 3871; x_wconf 88' lang='lat' dir='ltr'><strong>Ast</strong></span> <span class='ocrx_word' id='word_1_222' title='bbox 603 3776 829 3895; x_wconf 81' lang='lat' dir='ltr'><strong>inl&#39;nndate,</strong></span> <span class='ocrx_word' id='word_1_223' title='bbox 842 3792 940 3901; x_wconf 89' lang='lat' dir='ltr'><strong>qnia</strong></span> <span class='ocrx_word' id='word_1_224' title='bbox 955 3818 1044 3871; x_wconf 89' lang='lat' dir='ltr'><strong>eam</strong></span> <span class='ocrx_word' id='word_1_225' title='bbox 1062 3818 1147 3871; x_wconf 91' lang='lat' dir='ltr'><strong>non</strong></span> <span class='ocrx_word' id='word_1_226' title='bbox 1164 3790 1338 3870; x_wconf 86' lang='lat' dir='ltr'><strong>retineat</strong></span> <span class='ocrx_word' id='word_1_227' title='bbox 1349 3792 1427 3871; x_wconf 86' lang='lat' dir='ltr'><strong>nisi</strong></span> <span class='ocrx_word' id='word_1_228' title='bbox 1436 3791 1638 3873; x_wconf 88' lang='lat' dir='ltr'><strong>mediante</strong></span> 
     </span>
     <span class='ocr_line' id='line_1_26' title="bbox 269 3912 1638 4025; baseline 0.003 -34"><span class='ocrx_word' id='word_1_229' title='bbox 269 3914 430 3993; x_wconf 84' lang='lat' dir='ltr'><strong>fictione</strong></span> <span class='ocrx_word' id='word_1_230' title='bbox 446 3914 567 4021; x_wconf 89' lang='lat' dir='ltr'><strong>legis;</strong></span> <span class='ocrx_word' id='word_1_231' title='bbox 585 3914 697 3994; x_wconf 89' lang='lat' dir='ltr'><strong>deest</strong></span> <span class='ocrx_word' id='word_1_232' title='bbox 707 3916 817 3994; x_wconf 90' lang='lat' dir='ltr'><strong>enim</strong></span> <span class='ocrx_word' id='word_1_233' title='bbox 830 3916 908 4023; x_wconf 90' lang='lat' dir='ltr'><strong>ipsi</strong></span> <span class='ocrx_word' id='word_1_234' title='bbox 925 3912 1117 3994; x_wconf 87' lang='lat' dir='ltr'><strong>naturalis</strong></span> <span class='ocrx_word' id='word_1_235' title='bbox 1137 3912 1336 4012; x_wconf 87' lang='lat' dir='ltr'><strong>detentio,</strong></span> <span class='ocrx_word' id='word_1_236' title='bbox 1352 3941 1445 4025; x_wconf 84' lang='lat' dir='ltr'><strong>quae</strong></span> <span class='ocrx_word' id='word_1_237' title='bbox 1461 3914 1511 3994; x_wconf 92' lang='lat' dir='ltr'><strong>ad</strong></span> <span class='ocrx_word' id='word_1_238' title='bbox 1529 3914 1638 3995; x_wconf 85' lang='lat' dir='ltr'><strong>illam</strong></span> 
     </span>
     <span class='ocr_line' id='line_1_27' title="bbox 269 4035 1636 4147; baseline 0.002 -32"><span class='ocrx_word' id='word_1_239' title='bbox 269 4038 529 4143; x_wconf 89' lang='lat' dir='ltr'><strong>possessionis</strong></span> <span class='ocrx_word' id='word_1_240' title='bbox 553 4040 728 4139; x_wconf 86' lang='lat' dir='ltr'><strong>speciem</strong></span> <span class='ocrx_word' id='word_1_241' title='bbox 755 4038 999 4147; x_wconf 89' lang='lat' dir='ltr'><strong>requiritur,</strong></span> <span class='ocrx_word' id='word_1_242' title='bbox 1022 4035 1197 4145; x_wconf 88' lang='lat' dir='ltr'><strong>desuper</strong></span> <span class='ocrx_word' id='word_1_243' title='bbox 1215 4054 1318 4117; x_wconf 90' lang='lat' dir='ltr'><strong>esset</strong></span> <span class='ocrx_word' id='word_1_244' title='bbox 1337 4036 1565 4119; x_wconf 86' lang='lat' dir='ltr'><strong>absurdum</strong></span> <span class='ocrx_word' id='word_1_245' title='bbox 1578 4039 1636 4119; x_wconf 87' lang='lat' dir='ltr'><strong>di·</strong></span> 
     </span>
     <span class='ocr_line' id='line_1_28' title="bbox 270 4156 1635 4265; baseline 0.001 -30"><span class='ocrx_word' id='word_1_246' title='bbox 270 4184 375 4256; x_wconf 86' lang='lat' dir='ltr'><strong>cere,</strong></span> <span class='ocrx_word' id='word_1_247' title='bbox 389 4183 661 4265; x_wconf 89' lang='lat' dir='ltr'><strong>possessorem</strong></span> <span class='ocrx_word' id='word_1_248' title='bbox 671 4156 832 4237; x_wconf 88' lang='lat' dir='ltr'><strong>illarum</strong></span> <span class='ocrx_word' id='word_1_249' title='bbox 842 4158 978 4263; x_wconf 87' lang='lat' dir='ltr'><strong>legum</strong></span> <span class='ocrx_word' id='word_1_250' title='bbox 987 4184 1071 4237; x_wconf 90' lang='lat' dir='ltr'><strong>non</strong></span> <span class='ocrx_word' id='word_1_251' title='bbox 1086 4160 1246 4240; x_wconf 88' lang='lat' dir='ltr'><strong>civilem</strong></span> <span class='ocrx_word' id='word_1_252' title='bbox 1257 4165 1414 4241; x_wconf 86' lang='lat' dir='ltr'><strong>tantum</strong></span> <span class='ocrx_word' id='word_1_253' title='bbox 1428 4162 1498 4245; x_wconf 91' lang='lat' dir='ltr'><strong>sed</strong></span> <span class='ocrx_word' id='word_1_254' title='bbox 1516 4181 1556 4239; x_wconf 89' lang='lat' dir='ltr'><strong>et</strong></span> <span class='ocrx_word' id='word_1_255' title='bbox 1564 4188 1635 4238; x_wconf 89' lang='lat' dir='ltr'><strong>na·</strong></span> 
     </span>
     <span class='ocr_line' id='line_1_29' title="bbox 268 4280 1632 4393; baseline 0.001 -34"><span class='ocrx_word' id='word_1_256' title='bbox 268 4280 440 4361; x_wconf 88' lang='lat' dir='ltr'><strong>turalem</strong></span> <span class='ocrx_word' id='word_1_257' title='bbox 456 4281 749 4387; x_wconf 88' lang='lat' dir='ltr'><strong>possessionem</strong></span> <span class='ocrx_word' id='word_1_258' title='bbox 776 4282 970 4381; x_wconf 90' lang='lat' dir='ltr'><strong>retinere,</strong></span> <span class='ocrx_word' id='word_1_259' title='bbox 989 4309 1038 4360; x_wconf 88' lang='lat' dir='ltr'><strong>eo</strong></span> <span class='ocrx_word' id='word_1_260' title='bbox 1059 4282 1172 4391; x_wconf 92' lang='lat' dir='ltr'><strong>quod</strong></span> <span class='ocrx_word' id='word_1_261' title='bbox 1199 4312 1273 4393; x_wconf 89' lang='lat' dir='ltr'><strong>per</strong></span> <span class='ocrx_word' id='word_1_262' title='bbox 1292 4312 1429 4367; x_wconf 79' lang='lat' dir='ltr'><strong>renam</strong></span> <span class='ocrx_word' id='word_1_263' title='bbox 1447 4300 1632 4362; x_wconf 87' lang='lat' dir='ltr'><strong>naturam</strong></span> 
     </span>
     <span class='ocr_line' id='line_1_30' title="bbox 270 4400 1630 4514; baseline 0.002 -32"><span class='ocrx_word' id='word_1_264' title='bbox 270 4400 519 4511; x_wconf 87' lang='lat' dir='ltr'><strong>impossibile</strong></span> <span class='ocrx_word' id='word_1_265' title='bbox 537 4419 616 4500; x_wconf 92' lang='lat' dir='ltr'><strong>est,</strong></span> <span class='ocrx_word' id='word_1_266' title='bbox 634 4422 681 4483; x_wconf 92' lang='lat' dir='ltr'><strong>ut</strong></span> <span class='ocrx_word' id='word_1_267' title='bbox 700 4404 791 4514; x_wconf 89' lang='lat' dir='ltr'><strong>quis</strong></span> <span class='ocrx_word' id='word_1_268' title='bbox 811 4404 1043 4486; x_wconf 87' lang='lat' dir='ltr'><strong>naturaliter</strong></span> <span class='ocrx_word' id='word_1_269' title='bbox 1061 4430 1236 4514; x_wconf 86' lang='lat' dir='ltr'><strong>praesens</strong></span> <span class='ocrx_word' id='word_1_270' title='bbox 1254 4426 1295 4489; x_wconf 89' lang='lat' dir='ltr'><strong>et</strong></span> <span class='ocrx_word' id='word_1_271' title='bbox 1313 4408 1455 4486; x_wconf 86' lang='lat' dir='ltr'><strong>absens</strong></span> <span class='ocrx_word' id='word_1_272' title='bbox 1473 4408 1526 4485; x_wconf 85' lang='lat' dir='ltr'><strong>sit</strong></span> <span class='ocrx_word' id='word_1_273' title='bbox 1546 4405 1630 4486; x_wconf 89' lang='lat' dir='ltr'><strong>nno</strong></span> 
     </span>
    </p>
   </div>
   <div class='ocr_carea' id='block_1_7' title="bbox 222 4523 1464 4723">
    <p class='ocr_par' dir='ltr' id='par_1_7' title="bbox 222 4523 1464 4723">
     <span class='ocr_line' id='line_1_31' title="bbox 222 4523 682 4633; baseline -0.009 -25"><span class='ocrx_word' id='word_1_274' title='bbox 222 4564 224 4571; x_wconf 31' lang='lat' dir='ltr'><strong><em>J</em></strong></span> <span class='ocrx_word' id='word_1_275' title='bbox 272 4543 312 4607; x_wconf 87' lang='lat' dir='ltr'><strong>et</strong></span> <span class='ocrx_word' id='word_1_276' title='bbox 330 4523 474 4607; x_wconf 92' lang='lat' dir='ltr'><strong>eodem</strong></span> <span class='ocrx_word' id='word_1_277' title='bbox 491 4543 682 4633; x_wconf 89' lang='lat' dir='ltr'><strong>tempore.</strong></span> 
     </span>
     <span class='ocr_line' id='line_1_32' title="bbox 1432 4677 1464 4723; baseline 0.063 -2"><span class='ocrx_word' id='word_1_278' title='bbox 1432 4677 1464 4723; x_wconf 59' lang='grc' dir='ltr'><strong>ἢ.</strong></span> 
     </span>
    </p>
   </div>
   <div class='ocr_carea' id='block_1_8' title="bbox 0 0 2264 5861">
    <p class='ocr_par' dir='ltr' id='par_1_8' title="bbox 0 0 2264 5861">
     <span class='ocr_line' id='line_1_33' title="bbox 0 0 2264 5861; baseline 0 0"><span class='ocrx_word' id='word_1_279' title='bbox 0 0 2264 5861; x_wconf 95' lang='lat' dir='ltr'><strong> </strong></span> 
     </span>
    </p>
   </div>
  </div>
 </body>
</html>
