4517 5867
316 560 696 640 continuatum
721 560 790 632 AD
813 553 1161 650 QtJAEsnoumt
1183 561 1517 634 Llrnnnntttt.
1553 558 1597 652 ,¹3

236 733 463 860 compositis
488 747 685 828 desnmsit
701 745 775 853 (1),
794 741 864 824 sed
888 743 1088 852 praecipue
1105 739 1299 855 exemplis
1316 743 1601 848 praeclarorum

233 877 433 975 viromm,
454 875 527 982 qui
549 899 667 952 veros
681 869 703 949 e
715 883 920 948 senectute
941 863 1096 945 fructus
1114 863 1412 973 percepissent,
1436 868 1599 946 eonion

233 998 356 1077 mavit
374 999 459 1103 (n);
485 1011 532 1076 ut
558 995 709 1075 scilicet
738 1021 822 1072 non
851 1009 934 1070 tam
952 990 1012 1069 iis
1034 988 1270 1086 bominibus
1297 988 1368 1098 qui
1398 984 1450 1066 de
1479 988 1600 1069 indu-

231 1121 328 1200 stris
347 1147 390 1199 se
409 1119 675 1228 Philosophiae
696 1115 920 1218 dedissent,
940 1113 1062 1225 quam
1083 1114 1225 1193 ceteris
1242 1112 1325 1192 suis
1348 1110 1505 1192 civibus
1522 1110 1601 1190 hoc

231 1257 429 1322 aeternum
443 1243 690 1351 relinqueret
703 1256 1027 1336 monumentum,
1041 1236 1154 1350 quod
1169 1238 1392 1337 intuentes,
1408 1237 1603 1326 maximas

230 1367 447 1442 senectutis
471 1362 673 1444 molestias
698 1362 852 1443 facilius
873 1361 1106 1473 perferrent.
1134 1363 1224 1470 lpse
1248 1378 1383 1442 autem
1404 1387 1526 1442 senex
1554 1385 1601 1442 ac

231 1483 282 1564 de
310 1487 481 1569 instante
509 1486 631 1566 simul
658 1487 907 1597 Reipublicae
938 1487 1105 1566 interitu
1133 1485 1347 1584 sollicitus,
1366 1487 1461 1566 Tito
1479 1488 1599 1566 Pom·

228 1610 354 1715 ponio
383 1610 545 1711 Attico,
577 1625 618 1690 et
649 1609 914 1692 familiaritate
951 1628 992 1690 et
1029 1609 1258 1692 smdiorum
1290 1611 1480 1691 societate
1518 1607 1599 1688 sibi

129 1795 130 1798 t
228 1730 580 1838 conjunctissimo,
601 1733 710 1814 hunc
735 1733 886 1816 librum
903 1736 1127 1844 inscripsit,
1152 1750 1200 1815 ut
1220 1735 1297 1814 viri
1321 1731 1597 1814 humanissimi

228 1855 467 1946 auctoritate
487 1859 525 1936 ei
547 1855 639 1966 plus
659 1858 887 1939 ornamenti
909 1859 1193 1940 conciliaretur
1208 1853 1276 1966 (3).
1340 1895 1344 1900 ·

828 2118 861 2248 s
896 2040 992 2216 av}

276 2396 412 2475 Amici
428 2396 611 2481 animum
622 2393 875 2502 permulcere
893 2394 1061 2478 studens
1077 2395 1220 2479 Cicero
1234 2395 1440 2508 ipsiusque
1452 2423 1598 2505 augere

212 2515 475 2596 desiderium
485 2576 496 2618 ,
507 2531 554 2594 ut
563 2515 704 2624 majori
724 2544 816 2596 cum
834 2517 1042 2626 voluptate
1057 2518 1167 2600 hunc
1184 2519 1391 2625 dialogum
1402 2519 1598 2626 perlegat,

224 2657 426 2750 quantum
454 2637 612 2746 exejus
636 2638 888 2720 coniectione
915 2641 1201 2722 oblectamenti
1226 2642 1404 2750 ceperit,
1425 2643 1597 2750 ipsemet

226 2763 282 2840 ita
300 2779 438 2840 narrat
460 2763 504 2840 iu
522 2763 689 2842 exordio
711 2791 721 2840 ι
746 2761 877 2844 «Mihi
899 2762 1067 2872 quidem
1088 2767 1147 2846 ita
1164 2763 1342 2874 jucunda
1361 2763 1483 2872 hujus
1500 2764 1598 2846 libri

188 3021 191 3026 '
270 3012 319 3104 (1)
344 3011 479 3099 Constat
493 3011 594 3100 plura
610 3009 679 3075 huc
700 3029 765 3075 esse
786 3009 901 3074 melate
916 3031 936 3074 e
951 3006 1040 3074 libro
1062 3005 1177 3098 primo
1193 3007 1461 3078 Tusculanarum
1477 3011 1597 3104 Dispu-

222 3121 393 3187 tationum
404 3130 436 3183 et
452 3141 470 3182 e
486 3115 625 3186 Somnio
640 3114 804 3208 Scipionis
813 3117 854 3180 ad
863 3125 1018 3201 quartam
1034 3115 1129 3180 illam
1145 3136 1291 3180 caussam
1307 3116 1596 3207 impugnandam,

228 3249 246 3290 a
257 3225 337 3291 Ideo
347 3233 547 3292 senectutem
558 3243 622 3286 esse
633 3221 789 3286 miseram
800 3265 811 3304 ,
823 3221 913 3307 qnod
927 3221 1018 3288 haud
1031 3220 1153 3312 procul
1167 3219 1250 3286 absit
1263 3243 1283 3287 a
1296 3233 1405 3288 morte
1420 3246 1434 3308 3
1449 3248 1467 3288 a
1484 3225 1595 3319 scip

203 3351 212 3400 ,·
228 3353 281 3420 ¹9³
305 3350 411 3416 usque
431 3329 473 3393 ad
493 3326 598 3391 finem
619 3325 759 3414 Dialogi.
840 3319 844 3326 '

201 3461 213 3582 ,Ι
272 3513 322 3606 (a)
345 3487 395 3580 De
426 3496 664 3603 exemplorum
685 3513 719 3580 vi
739 3525 837 3600 atque
857 3513 979 3580 virtute
998 3515 1045 3582 ita
1064 3515 1217 3602 loquitur
1237 3511 1353 3582 Noster
1373 3514 1411 3582 in
1433 3486 1599 3597 Consola-

224 3623 335 3703 tione,
348 3619 389 3684 T.
401 3619 459 3684 lX.
475 3643 512 3708 p.
529 3619 606 3684 361.
622 3618 695 3706 Bip.
711 3638 719 3683 :
742 3619 825 3684 «Fit
838 3620 947 3684 nescio
967 3621 1165 3706 quomodo,
1181 3632 1220 3687 nt
1239 3643 1283 3688 ex
1303 3621 1450 3690 aliorum
1467 3621 1597 3690 mnibus

230 3727 272 3793 ad
290 3725 381 3794 male
400 3733 513 3789 nostra
532 3723 675 3790 sananda
695 3723 895 3827 medicinam
916 3723 1121 3813 colligamus.
1134 3746 1172 3787 a-
1513 3730 1517 3740 '

273 3913 321 4004 (5)
345 3915 434 3980 Eum
458 3913 551 3980 enim
576 3913 622 3978 sic
647 3898 831 4000 alloquitur
853 3911 990 3980 Cscnuo
1016 3911 1064 3980 De
1088 3910 1261 3980 Senectute
1280 3913 1356 4002 init·
1380 3933 1389 3985 ,t
1415 3911 1504 3979 «Te
1523 3936 1594 3998 non

224 4041 413 4107 cognomen
439 4019 552 4084 solum
577 4019 716 4086 Athenis
741 4020 946 4110 deportasse,
971 4021 1027 4086 sed
1050 4019 1294 4086 humanitatem
1317 4032 1350 4089 et
1379 4020 1593 4108 prudentiam

224 4124 422 4210 intelligo.»
444 4123 493 4188 De
507 4123 763 4198 Amaniensium
783 4125 989 4194 burnenitate
1003 4125 1090 4192 etde
1106 4136 1279 4198 momento
1293 4125 1385 4210 qnod
1401 4126 1593 4193 maximum

209 4227 397 4294 habebunt
415 4229 457 4294 ad
476 4229 623 4315 reliquos
642 4231 786 4320 populos
806 4231 931 4298 artibus
951 4241 1048 4318 atque
1068 4229 1252 4321 disciplinis
1270 4228 1485 4315 erudiendos,
1500 4229 1592 4299 conf·

231 4330 449 4398 Cusuzmms
474 4330 524 4397 V..
545 4328 597 4397 Cl.
629 4334 667 4397 in
691 4334 817 4400 annu.
847 4337 889 4402 ad
913 4333 1107 4404 Orationem
1137 4337 1180 4404 de
1209 4331 1354 4406 mnne.
1385 4333 1594 4406 Athenanmt

230 4433 353 4504 Omnis
374 4431 596 4518 Humanitatis
614 4435 773 4524 Parente,
792 4461 869 4530 pag.
892 4441 1008 4532 54-59.
