4517 5867
578 533 625 629 74
924 522 1074 596 rsrnt
1094 521 1189 596 tos.
1213 515 1441 618 vin-nun
1461 514 1565 590 ron

577 705 747 788 omnino
775 701 1016 813 predicandi
1050 716 1146 782 sunt
1175 703 1290 780 senes
1320 697 1419 808 qui,
1449 695 1544 774 licet
1571 693 1750 802 pristinis
1780 686 1939 769 viribus

579 828 781 923 destituti,
802 825 959 905 catervi
979 821 1277 903 adolescentum
1296 815 1552 917 circumdati,
1574 815 1685 893 iniis
1706 808 1939 893 crudiendis

581 965 701 1058 atque
732 946 989 1028 instituendis
1017 944 1217 1051 reliquam
1250 943 1343 1022 vitae
1368 955 1522 1050 partem
1549 933 1762 1044 tranquille
1794 932 1939 1010 transi·

578 1084 691 1174 gunt.
717 1099 738 1140 c
751 1067 853 1147 Mihi
879 1094 977 1148 vcro
1007 1065 1081 1147 Cn.
1107 1081 1150 1144 et
1176 1064 1290 1146 Publ
1319 1063 1527 1170 Scipiones
1549 1074 1590 1139 et
1613 1055 1677 1135 avi
1702 1053 1763 1132 tui
1786 1049 1870 1132 duo
1896 1053 1941 1130 L.

579 1187 778 1267 AEmilius
798 1205 841 1268 et
855 1189 896 1268 P.
922 1185 1152 1284 Africanus,
1170 1181 1581 1266 comitatu'nobilium
1598 1177 1794 1286 juvenum
1812 1169 1942 1251 fortu-

577 1309 663 1387 nati
697 1305 960 1387 videbantur:
997 1331 1073 1386 nec
1110 1307 1184 1386 ulli
1221 1307 1423 1387 bonarum
1461 1305 1609 1385 artium
1644 1296 1823 1405 magistri
1859 1319 1942 1372 non

578 1421 687 1504 beati
705 1426 892 1532 putandi,
911 1428 1094 1534 quarnvis
1114 1429 1401 1507 consenuerint
1422 1427 1529 1506 vires
1544 1439 1666 1533 atque
1686 1417 1941 1501 defecerint.»

579 1546 677 1652 Cap.
704 1572 742 1653 9.
768 1557 795 1650 §
822 1573 885 1656 sq
921 1545 1077 1628 Idcirco
1110 1547 1220 1657 apud
1248 1551 1386 1628 Persas
1425 1548 1548 1625 etiam
1575 1554 1772 1652 praeerant
1808 1539 1944 1646 pueris

579 1664 723 1744 delecti
753 1665 922 1773 quidem
949 1694 999 1747 ex
1030 1669 1280 1773 senioribus,
1311 1671 1383 1777 qui
1412 1690 1481 1748 cos
1509 1664 1691 1746 effecturi
1718 1687 1842 1772 quam
1869 1685 1943 1767 op-

577 1787 699 1866 timos
723 1784 976 1868 videbantur.
1003 1803 1068 1870 Καὶ
1085 1805 1136 1871 tet
1156 1811 1222 1882 τοῖς
1239 1805 1343 1874 παισὶν
1364 1807 1397 1871 ia
1415 1812 1478 1870 τῶν
1492 1791 1677 1893 1γεραιτέρων
1695 1797 1838 1890 ᾑρημνοι
1854 1793 1943 1877 εἰσὶν,

577 1917 607 1985 οἳ
631 1917 667 1987 ἃν
693 1911 807 1988 δοκῶσι
830 1923 903 2024 τοὺς
930 1915 1047 2001 παῖδας
1071 1919 1244 2002 debrientur
1269 1921 1305 1992 ἃν
1330 1915 1543 1992 ἀποδεικνύναι
1564 1908 1631 2012 (1).
1658 1902 1739 1984 Sed
1768 1929 1819 1982 ne
1850 1903 1944 2010 quis

579 2027 770 2132 opinetur
802 2028 889 2108 sold
916 2028 1140 2136 juventutis
1175 2032 1428 2112 institutione
1458 2027 1674 2108 senectutis
1707 2021 1837 2102 officia
1866 2037 1942 2100 ter·

577 2147 744 2248 minari,
777 2147 1086 2252 intelligendum
1115 2165 1178 2231 est
1213 2148 1441 2256 complures
1467 2144 1714 2254 easdemque
1752 2145 1946 2248 ingenuas

579 2266 865 2371 occupationes
886 2269 926 2344 ci
952 2293 1178 2375 superesse,
1212 2293 1305 2378 quae
1338 2295 1424 2346 nou
1461 2267 1586 2374 magis
1618 2291 1740 2372 quam
1772 2261 1945 2344 docendi

579 2411 731 2465 munus
741 2388 961 2493 praecipuas
976 2388 1158 2494 corporis
1169 2388 1275 2466 vires
1293 2386 1531 2467 desiderent
1543 2390 1677 2492 Atque
1693 2383 1775 2462 baec
1795 2383 1946 2462 eaedem

445 2533 451 2542 ·
577 2521 689 2605 sunt,
708 2505 860 2612 quibus
875 2508 921 2585 in
937 2507 1095 2586 summi
1113 2505 1282 2615 quidem
1305 2520 1509 2585 senectute
1527 2503 1692 2584 maximi
1713 2503 1789 2582 viri
1808 2501 1946 2582 oblec-

577 2623 786 2726 tabantur,
808 2624 934 2706 veluti
960 2625 1000 2706 S.
1022 2624 1163 2706 AElius
1183 2624 1246 2704 Ti.
1271 2624 1567 2724 Coruncanius,
1587 2624 1626 2703 P.
1654 2621 1842 2717 Crassus3
1872 2653 1893 2694 α
1921 2647 1946 2699 a

580 2743 731 2854 quibus
754 2741 845 2848 jura
870 2743 1260 2850 praescribebantur:
1284 2771 1462 2850 quorum
1484 2765 1616 2848 usque
1640 2739 1692 2817 ad
1719 2756 1946 2820 extremum

576 2865 768 2970 spiritum
792 2879 854 2940 est
882 2877 1071 2968 provecte
1099 2859 1322 2968 prudentia.
1336 2891 1357 2932 ι
1377 2859 1473 2964 Cap.
1495 2877 1531 2968 p
1556 2861 1663 2970 §ap
1687 2857 1838 2938 Eadem
1863 2859 1946 2940 hsec

579 3007 749 3060 munera
781 2995 897 3078 aunt,
937 3005 1029 3088 qum
1063 2980 1283 3086 ipsummet
1317 3003 1360 3058 se
1403 2978 1550 3058 obiisse
1583 2979 1683 3060 Cato
1725 2978 1947 3086 profitetur.

581 3103 841 3210 Quamquam
859 3100 969 3179 enim
987 3099 1208 3180 modestius
1226 3116 1361 3204 egerat
1378 3115 1494 3178 antea
1513 3098 1652 3180 dicens
1669 3099 1738 3180 cll
1742 3100 1815 3180 ihil
1836 3105 1945 3182 enim

578 3247 740 3300 necesse
758 3237 819 3301 est
836 3219 954 3320 mibi,
968 3218 1020 3299 dc
1037 3222 1207 3328 meipso
1224 3217 1376 3318 dicere,
1392 3246 1626 3328 quanquam
1640 3237 1700 3300 est
1715 3220 1759 3300 id
1777 3223 1943 3331 quidem

579 3338 707 3420 senile
724 3341 781 3447 (α)
806 3342 996 3449 aetatique
1018 3356 1167 3419 nostrae
1190 3339 1443 3445 conceditur,
1459 3371 1481 3417 a
1500 3341 1595 3449 cap.
1616 3367 1655 3451 9.
1671 3345 1699 3442 §
1715 3339 1788 3440 30;
1811 3359 1944 3424 tamen

590 3593 596 3600 ·
625 3573 672 3663 (ι)
694 3574 895 3640 Xnuornort
912 3571 1090 3662 Cyropoed.
1108 3573 1184 3640 Lib.
1198 3571 1226 3639 l.
1241 3595 1315 3662 cap.
1333 3575 1402 3661 ns
1420 3576 1452 3642 5.
1465 3595 1541 3666 pag.
1559 3598 1612 3644 ιι.
1626 3573 1779 3646 Schneid.
1792 3575 1847 3646 Sic
1859 3578 1941 3644 Pur-

580 3695 664 3744 ttws
677 3678 752 3742 Lib.
766 3677 825 3742 111.
836 3699 889 3766 ep.
905 3677 960 3744 14:
975 3677 1079 3744 «Erat
1089 3678 1273 3766 antiquitus
1285 3678 1492 3766 institutum,
1506 3692 1575 3748 uta
1586 3681 1768 3768 majoribus
1778 3695 1857 3748 natu
1868 3705 1940 3748 nou

580 3779 719 3879 auribus
733 3783 835 3848 modo
853 3797 974 3849 verum
989 3781 1091 3848 etiam
1105 3782 1211 3848 oculis
1227 3781 1426 3850 disceremus
1437 3805 1511 3872 qua
1523 3783 1670 3854 fruenda
1682 3798 1793 3854 urent.
1802 3809 1820 3853 ν
1836 3783 1937 3855 cont.

582 3881 687 3948 omi.
701 3882 851 3950 Burnus
863 3887 905 3952 ad
917 3884 1090 3953 Pandectas
1101 3908 1177 3976 pag.
1193 3885 1270 3954 244.

625 4027 672 4120 (a)
695 4029 810 4100 Simile
830 4049 877 4102 eat
895 4036 982 4104 illud
1001 4037 1083 4126 Cap.
1102 4037 1154 4104 14.
1175 4039 1196 4124 ς
1216 4037 1272 4104 46.
1297 4037 1431 4108 «liabeo
1442 4042 1600 4108 senectuti
1612 4065 1768 4132 magnam
1781 4044 1940 4132 gratiam,

578 4157 654 4223 quse
670 4135 758 4201 mihi
776 4141 938 4206 semonia
956 4142 1144 4209 aviditatem
1161 4141 1276 4224 nuxit,
1289 4143 1435 4231 potionis
1452 4159 1485 4212 et
1503 4146 1569 4212 cibi
1588 4150 1757 4214 sustulit.»
1779 4149 1864 4238 Quas
1876 4173 1942 4217 ex-

578 4260 688 4325 preaaa
699 4239 856 4308 videntur
869 4262 913 4309 ex
926 4243 1091 4312 Pmoun
1103 4245 1153 4310 De
1166 4245 1310 4334 Republ.
1323 4246 1397 4310 Lib.
1413 4247 1439 4312 Ι.
1453 4269 1525 4337 cap·
1541 4269 1573 4316 2.
1586 4273 1662 4342 pag.
1678 4253 1755 4320 238.
1770 4251 1810 4321 C.
1824 4252 1940 4343 steph.

579 4336 1793 4446 Utantatpaystsmtttta«custeranno-»attestantem
1813 4363 1942 4428 τοσοῦτον
2035 4401 2043 4408 -
