4517 5867
689 680 1022 753 DISSERTATIO
1046 682 1258 757 MEDICA.
1616 684 1663 759 23
1743 744 1748 751 .

290 879 372 943 tam
390 854 510 941 foetus
530 856 701 940 influere
719 876 912 969 possunt,
931 876 973 941 et
988 860 1067 941 hoc
1089 862 1274 973 qnotidie
1293 861 1572 960 observamus3
1590 862 1662 943 sed
1739 965 1743 970 g

291 1010 553 1095 nequaquam
571 982 669 1092 ipsae
691 984 736 1063 in
761 982 833 1063 illo
856 984 1117 1069 concitantur.

343 1177 392 1255 ln
417 1186 554 1255 tenera
581 1190 706 1281 aetate,
725 1192 766 1255 et
799 1174 966 1257 infantia
1002 1174 1101 1255 ideae
1136 1174 1293 1282 rapidae,
1311 1194 1407 1257 sunt
1437 1192 1478 1256 et
1503 1174 1661 1255 vividae.

281 1298 440 1379 Omnia
463 1296 619 1405 objecta
642 1299 912 1401 'aueudonem
929 1295 1099 1401 ⁸inferatis
1126 1294 1408 1404 pergefaciunt.
1427 1298 1476 1373 In
1497 1324 1583 1376 uno
1603 1323 1665 1375 ex·

295 1411 448 1517 clusivo
467 1421 673 1529 quiescere
706 1418 922 1501 difficulter
948 1434 1104 1526 potest3
1123 1418 1228 1498 ratio
1246 1418 1353 1499 inter
1378 1444 1422 1498 se
1444 1434 1486 1497 et
1512 1415 1668 1525 objecta

292 1554 582 1652 externa'eurn
598 1540 724 1637 latet3
752 1558 924 1648 systema
945 1540 1162 1628 sensoriale
1175 1539 1290 1619 valde
1305 1508 1457 1619 mobile
1476 1557 1556 1637 est;
1575 1568 1670 1647 pau-

291 1662 347 1746 cis
370 1662 464 1746 idco
493 1663 618 1744 animi
645 1657 853 1743 affectibus
873 1680 914 1747 et
937 1664 1005 1743 vix
1031 1662 1259 1768 conspicuis
1285 1660 1489 1741 obnoxius
1517 1678 1578 1740 est
1604 1663 1667 1739 in·

253 1874 258 1888 ¹
291 1782 390 1863 fans.
409 1784 506 1865 Mox
525 1784 652 1894 ridetq
671 1812 767 1863 mox
788 1784 918 1891 ejulat.
932 1783 1141 1864 Gaudium
1153 1800 1196 1863 et
1210 1784 1370 1871 tristitia
1387 1782 1570 1878 celeriter
1583 1810 1670 1863 sese
1755 1817 1759 1824 ⁴

292 1903 523 2004 succedunt
544 1899 695 1983 Omnia
715 1928 806 2011 qnae
827 1906 905 1983 sub
924 1905 1053 1985 oculis
1075 1904 1162 2013 ejus
1188 1903 1337 1985 cadunt
1355 1905 1543 2012 amplecti
1559 1903 1670 2008 vult,

292 2025 490 2118 recusatio
515 2022 770 2131 objectorum
786 2023 953 2103 illorum
970 2026 1040 2105 irae
1057 2024 1276 2132 aliquando
1294 2042 1354 2105 sat
1372 2028 1483 2129 gravi
1498 2029 1667 2107 scaturi-

292 2145 429 2253 ginem
457 2144 536 2225 dat.
569 2146 806 2225 Generatim
831 2145 1093 2227 meticulosus
1115 2163 1176 2227 est
1203 2145 1361 2250 infans,
1392 2164 1434 2226 et
1471 2147 1671 2254 zelotypia
1735 2144 1741 2245 ᾖ

293 2268 409 2349 istius
436 2268 559 2378 utatis
589 2292 726 2347 comes
755 2284 815 2347 est
835 2266 1062 2348 habitualis.
1502 2279 1508 2291 '

345 2478 394 2557 ln
424 2450 692 2557 adolescentia
721 2492 762 2555 et
786 2444 1248 2584 juventute,''augentur
1276 2476 1482 2557 facultates
1508 2478 1672 2579 mentia,

293 2598 380 2707 ejus
408 2602 665 2707 operationes
690 2598 948 2706 perfectiores
979 2598 1166 2680 evadunt.
1199 2600 1437 2705 imaginatio
1466 2624 1673 2677 summum

296 2732 454 2833 eaercet
490 2718 718 2823 imperium.
752 2721 917 2795 Accedit
955 2722 1136 2801 evolutio
1172 2731 1420 2816 organorum
1451 2719 1674 2799 sexualium

298 2866 379 2948 qua
410 2862 495 2917 non
523 2828 663 2916 solum'
683 2851 810 2929 status
835 2850 1013 2912 mutatur
1036 2832 1252 2941 physicus,
1270 2860 1422 2912 ‘verum
1445 2836 1565 2913 etiam
1593 2838 1675 2919 vita

298 2959 472 3039 moralis.
500 2956 667 3039 iuvenis
697 2954 891 3060 dignitate
928 2980 999 3033 sua
1034 2952 1080 3033 fit
1116 2982 1313 3063 compos;
1343 2957 1436 3036 vitae
1471 2960 1675 3067 experien-

303 3083 360 3164 tia
378 3083 416 3160 ci
441 3078 554 3157 deest
576 3094 733 3177 tamen,
758 3074 1031 3176 mendacior,
1058 3076 1259 3183 superbus
1282 3094 1325 3157 et
1350 3080 1597 3192 temerarius.
1625 3084 1674 3160 In

304 3228 451 3309 genere
474 3200 669 3301 amicitia,
689 3224 822 3300 arnor,
841 3199 1108 3305 generositas,
1129 3218 1221 3309 spes
1240 3217 1282 3280 et
1300 3199 1494 3308 gaudium
1511 3200 1674 3282 affectus
1810 3211 1818 3234 “

303 3339 398 3411 sunt
416 3322 512 3402 hnic
543 3322 700 3429 proprii
729 3322 841 3401 atati.

302 3595 305 3603 .
356 3536 511 3617 Omnes
533 3519 739 3611 facultates
766 3530 907 3635 animae
927 3529 979 3611 ad
1005 3556 1213 3611 summum
1234 3528 1491 3637 perfectionis
1515 3533 1676 3615 culmen

302 3681 524 3763 pervenere
541 3655 586 3733 in
614 3670 730 3735 aetate
749 3652 867 3733 virili.
888 3654 1177 3761 impressiones
1202 3673 1289 3732 non
1313 3668 1396 3734 tam
1417 3652 1566 3737 alacres
1582 3675 1678 3738 sunt

302 3802 426 3885 quam
452 3779 497 3854 in
524 3761 767 3882 juventute}
792 3764 935 3856 verum
959 3775 1146 3855 fortiores
1170 3800 1216 3853 ac
1241 3773 1488 3872 stabiliorem
1511 3777 1565 3857 ad
1584 3806 1678 3860 suas

176 3934 178 3940 ⁴
303 3898 565 4007 operationes·
597 3896 768 3975 reflectit
802 3898 957 3993 anima;
997 3894 1207 3975 meditatio
1239 3892 1446 3998 praevalen
1479 3899 1524 3982 in
1554 3929 1678 3981 unm

303 4018 518 4099 alteramve
543 4017 679 4099 ideam
709 4018 932 4117 exclusorie
952 4014 1180 4097 intenditur
1198 4029 1241 4092 et
1263 4015 1308 4093 in
1335 4020 1675 4127 contemplatione
1818 4041 1827 4049 ’

304 4138 382 4222 fixa
409 4135 609 4241 abripitur
638 4136 781 4216 anima.
819 4134 954 4215 Minus
984 4133 1097 4215 facile
1127 4152 1326 4219 moretur
1342 4156 1431 4221 tum
1461 4147 1688 4251 temporisr
1837 4215 1841 4223 .

305 4250 571 4340 sed'affectus
586 4254 685 4362 ¹ejus
712 4255 934 4344 tenaciores
959 4272 1054 4340 sunt
1080 4284 1205 4366 quam
1222 4258 1266 4338 in
1284 4259 1496 4368 juventute
1514 4282 1556 4344 et
1572 4294 1677 4374 aegre
1742 4345 1747 4359 ,

307 4380 807 4475 eradicantur;occurrunt
819 4392 907 4459 tum
920 4380 1081 4460 tristitia
1092 4379 1677 4492 profunda,hypochondriaair

307 4490 577 4585 melancholia.
605 4501 731 4607 Magis
750 4505 822 4583 est'
838 4528 947 4583 nunc
966 4502 1174 4610 inquietus
1195 4522 1239 4587 et
1261 4507 1368 4589 curis
1388 4534 1550 4618 exesus,
1571 4540 1676 4623 mag.
