4517 5867
602 730 846 801 nesronsro
869 734 934 799 sn
956 732 1120 819 Qorssr.
1147 732 1287 802 sunio.
1321 780 1325 787 .
1563 755 1574 822 Ιι
1588 754 1624 802 ιι

266 960 381 1015 cessae
399 948 468 1012 eut
485 930 627 1010 saltem
639 957 724 1009 non
738 926 1015 1039 reprimende.
1027 910 1133 1011 Hinc
1152 949 1281 1041 patet,
1295 932 1403 1010 viam
1419 928 1509 1009 facti
1527 928 1634 1009 licite

266 1058 465 1140 committi
482 1082 505 1135 a
525 1054 776 1164 praecedente
797 1080 1025 1162 possessore
1046 1074 1186 1161 contre
1204 1084 1321 1152 eum,
1338 1084 1361 1133 a
1381 1080 1465 1164 qno
1483 1055 1526 1133 in
1547 1080 1635 1163 pos·

265 1180 441 1261 sessione
468 1178 540 1258 sud
566 1176 690 1257 fuerit
713 1176 902 1257 turbatus
926 1176 989 1257 vel
1010 1175 1268 1284 etdejectuc
1292 1177 1387 1253 lieet
1413 1193 1548 1255 temen
1576 1175 1631 1254 ob

264 1300 536 1401 difficultates,
569 1326 660 1409 quse
683 1298 778 1379 inde
811 1300 908 1379 oriri
938 1317 1125 1407 possunt,
1146 1299 1276 1379 multo
1295 1299 1474 1377 securius
1501 1313 1636 1403 egeret

263 1422 510 1508 recurrendo
532 1420 776 1529 adjudicent
797 1426 813 1529 (
839 1423 866 1525 ).

791 1830 793 1837 Ι
880 1719 1038 1848 §.1114

1345 1874 1360 1905 0

333 1924 604 2023 Deformis,
630 1954 722 2033 quie
746 1928 789 2006 in
812 1928 1038 2008 actionibus
1049 1928 1298 2037 possessoriis
1318 1922 1568 2005 observandae

894 2084 993 2141 sunt.

311 2361 596 2469 Persequimur
626 2372 666 2437 et
696 2353 931 2439 ordinamus
963 2362 1139 2439 actiones
1169 2359 1433 2467 possessorias
1462 2374 1509 2437 ut
1538 2356 1632 2437 alias

258 2484 445 2563 actiones.
458 2481 700 2561 Deferuntur
720 2507 880 2561 necesse
901 2500 961 2563 est
974 2485 1078 2563 intra
1095 2510 1248 2574 annum
1264 2480 1316 2560 od
1332 2479 1511 2587 judicem
1523 2480 1632 2587 pacis

261 2598 369 2684 iilius
387 2604 488 2707 loci,
509 2606 552 2683 in
573 2631 657 2713 quo
678 2601 850 2705 fundus,
868 2603 920 2684 de
944 2603 1058 2713 cujus
1076 2603 1328 2713 possessione
1341 2603 1493 2707 agitur,
1510 2602 1632 2679 situm

256 2724 544 2831 habeqexiege
556 2725 1013 2835 nungusti1790‚item
1025 2722 1631 2823 ert.3Cod.Proc.‚ubidicitur:

258 2845 314 2921 les
330 2848 484 2923 actiom
498 2848 750 2951 possessoires
770 2875 819 2925 ne
835 2860 966 2926 serent
983 2838 1218 2929 recevables,
1237 2836 1459 2943 qu'autant
1474 2845 1633 2943 qu'elles

259 2984 408 3044 aaroni
426 2968 676 3058 ete'flirmdes
696 2966 801 3045 dans
824 2963 984 3042 i'anne'e
1001 2957 1058 3036 du
1081 2957 1241 3035 trouble.
1262 2958 1351 3037 Hoc
1368 2985 1475 3037 anno
1498 2959 1632 3067 elapso

261 3080 466 3190 praesumit
480 3076 566 3176 lex,
580 3076 694 3189 quod
710 3104 753 3155 se
766 3078 1028 3183 possessionis
1039 3077 1263 3160 commodis
1280 3079 1456 3161 voluerit
1470 3083 1633 3187 orbare,

225 3230 229 3237 ·
257 3203 335 3279 hoc
355 3219 492 3279 autem
518 3225 604 3278 non
635 3197 824 3310 impedit,
844 3200 1085 3306 quominus,
1104 3201 1139 3280 si
1163 3202 1264 3311 quid
1281 3201 1382 3310 juris
1406 3207 1451 3284 iu
1479 3207 1629 3299 resibi

266 3339 495 3429 competere
516 3338 652 3429 putet,
673 3322 865 3429 petitorio
889 3320 1013 3399 modo
1036 3339 1126 3428 agat
1148 3351 1290 3404 corum
1312 3326 1447 3433 judice
1467 3323 1632 3405 ordinu-

261 3444 341 3545 rio‚
360 3472 437 3524 nec
450 3445 659 3527 concernit
676 3443 925 3551 prescriptio
944 3443 1014 3523 illa
1034 3447 1210 3525 actiones
1223 3445 1463 3545 criminales,
1482 3447 1632 3554 quibus

261 3590 307 3641 ex
333 3584 404 3645 art.
424 3566 526 3663 446,
550 3564 628 3662 456
657 3582 696 3644 et
721 3566 800 3665 466
821 3565 920 3645 Cod.
942 3569 1054 3647 Proc.
1068 3566 1301 3677 ¹aliquando
1323 3568 1436 3647 locus
1460 3585 1539 3673 est,
1557 3571 1629 3651 sed

260 3683 518 3764 solummodo
538 3689 717 3765 actiones
736 3690 1009 3795 possessorias.
1127 3764 1132 3774 .

312 3894 468 3972 Verum
487 3906 622 4008 eutem
635 3894 846 4001 quaeritur,
861 3923 978 4004 aquo
987 3898 1174 4001 'ternpore
1188 3896 1435 4004 praescriptio
1451 3896 1519 3979 iila
1537 3901 1631 3997 inci·

261 4013 345 4121 piat
374 4042 544 4094 currere.
567 4014 801 4124 Respondet
822 4016 1002 4098 Pinum
1023 4016 1101 4123 (2):
1128 4015 1296 4096 lede'lai
1315 4018 1414 4099 d'un
1431 4050 1504 4116 on,
1519 4053 1631 4138 pour

303 4222 521 4310 (r)Ps1mrsu
540 4220 583 4285 ed
596 4238 654 4287 ert.
669 4222 707 4300 3,
721 4244 771 4286 nr.
787 4228 808 4300 4
823 4225 904 4290 Cod.
920 4227 1014 4292 Proc.
1029 4228 1174 4306 Ριαιιυ,
1192 4229 1381 4298 Prooddure
1393 4231 1462 4296 uiv.
1477 4232 1627 4315 Tomjtn

262 4349 295 4415 p.
318 4326 393 4411 476.
410 4326 495 4391 Item
512 4326 663 4403 Menum,
684 4326 878 4415 Repertoire
899 4330 961 4395 sub
980 4354 1062 4401 voce
1076 4334 1456 4424 qumienpre‘judicieile',
1470 4340 1564 4409 Tem.
1580 4344 1626 4421 X,

262 4452 335 4521 pag.
352 4430 414 4494 518
432 4446 466 4495 et
480 4452 549 4518 sqq.
568 4446 602 4495 et
614 4430 675 4495 sub
690 4454 771 4497 voce
787 4456 796 4496 ε
813 4436 889 4498 vore
904 4436 1040 4522 defait,
1054 4438 1091 4502 Τ.
1110 4441 1199 4518 XIV,
1216 4464 1247 4529 p.
1263 4440 1326 4506 552
1345 4458 1378 4508 et
1391 4465 1479 4537 sqq.=

306 4583 354 4674 (α)
376 4584 428 4651 Ad
442 4600 499 4651 ert.
520 4586 698 4673 17680011.
716 4589 784 4671 niv,
805 4594 888 4657 Item
911 4592 951 4658 ed
968 4610 1024 4659 art.
1042 4574 1083 4661 23
1109 4596 1189 4663 Cod.
1209 4598 1301 4663 Proc.
