4517 5867
609 640 650 711 18
995 637 1154 707 FRANC.
1177 635 1268 704 tac.
1291 634 1580 710 SCHOLLAERT

603 819 737 897 animo
762 821 1001 915 retineatur,
1024 817 1117 895 licet
1134 814 1237 894 alius
1257 812 1448 893 infundo
1470 810 1540 910 sit,
1552 833 1638 889 non
1658 824 1793 890 autem
1812 810 1973 909 asserit,

603 968 717 1043 eum,
735 945 808 1050 qui
823 944 866 1047 iq
886 939 1012 1021 fundo
1034 955 1232 1036 moratur,
1253 936 1470 1044 possidere.
1489 934 1586 1012 Non
1603 934 1728 1035 magis
1744 932 1857 1038 juvat
1870 937 1976 1014 Voe·

603 1064 662 1141 tio
685 1065 718 1141 L
748 1064 799 1166 6,
816 1046 841 1165 ξ
859 1093 872 1143 1
898 1080 938 1143 et
958 1064 1001 1141 L.
1022 1062 1093 1160 25,
1111 1060 1137 1156 §
1157 1056 1232 1141 aff.
1247 1057 1286 1139 b.
1308 1075 1351 1156 t;
1366 1058 1411 1135 in
1423 1057 1497 1135 hac
1516 1054 1625 1132 enim
1642 1051 1731 1156 lege
1748 1055 1977 1133 Postremus
2009 1159 2013 1165 Ι

605 1185 750 1293 quaerit
773 1202 945 1287 tantum,
978 1210 1194 1293 quousque
1221 1181 1367 1261 absens
1393 1176 1687 1287 possessionem
1707 1173 1901 1272 retineat,
1923 1202 1975 1253 an

603 1303 730 1385 donec
757 1308 858 1389 alius
878 1335 1051 1416 corpore
1077 1310 1282 1412 ingressus
1309 1306 1383 1405 sit,
1410 1304 1465 1381 ita
1491 1317 1538 1380 ut
1560 1296 1784 1405 corporalis
1812 1297 1972 1377 alterius

601 1423 779 1507 detentio
797 1428 972 1507 auferret
990 1430 1146 1509 absenti
1165 1425 1473 1535 possessionem,
1494 1451 1547 1502 an
1566 1447 1666 1501 vero
1684 1446 1878 1529 eousque,
1897 1419 1972 1499 do·

601 1574 674 1627 nec
697 1567 968 1629 revertentem
986 1578 1080 1629 eum
1102 1550 1250 1659 aliquis
1263 1549 1448 1656 repellat,
1463 1544 1577 1658 qnod
1597 1551 1796 1652 posterius
1808 1541 1969 1651 probat,

602 1670 656 1747 ita
680 1685 729 1747 ut
748 1670 815 1749 hic
842 1698 893 1749 ex
921 1672 1148 1779 Pomponio
1176 1666 1344 1750 minime
1369 1669 1503 1773 colligi
1526 1669 1674 1775 possit,
1701 1665 1805 1745 duos
1823 1664 1970 1743 babere

603 1788 782 1894 ejusdem
795 1792 852 1869 rei
864 1817 1111 1898 possessores
1123 1793 1167 1871 in
1175 1790 1362 1871 solidum.
1371 1793 1456 1870 Nec
1465 1788 1699 1899 facit,quod
1707 1790 1860 1867 interea
1869 1812 1973 1865 asse·

601 1926 661 1987 rat
675 1913 922 2018 Pomponius
933 1971 944 2012 ,
955 1912 1090 2011 illum,
1111 1916 1246 2023 quiin
1262 1913 1391 1995 fundo
1410 1930 1611 2013 moratur,
1622 1910 1873 2018 corporalem
1885 1936 1973 2017 pos·

600 2032 755 2109 sionem
783 2034 960 2133 habere;
984 2064 1080 2115 nam
1107 2036 1243 2117 dando
1271 2037 1429 2117 absenti
1452 2036 1681 2115 facultatem
1710 2032 1906 2114 redeundi
1930 2048 1972 2109 et

600 2168 884 2257 occupatorem
903 2150 1130 2260 expellendi
1151 2155 1266 2261 quasi
1285 2156 1370 2233 vim
1386 2153 1465 2233 sibi
1482 2152 1737 2250 inferentem,
1752 2153 1815 2233 lex
1831 2149 1972 2229 infrin-

601 2273 660 2375 git
681 2270 766 2377 ejus
784 2275 1099 2379 possessionem,
1118 2276 1175 2353 ita
1198 2292 1245 2353 nt
1266 2277 1310 2353 in
1330 2302 1452 2355 sensu
1471 2275 1578 2353 civili
1598 2291 1638 2353 et
1656 2272 1833 2381 juridico
1856 2300 1976 2352 oocu-

600 2410 718 2499 pator
738 2422 822 2475 non
844 2396 1062 2504 possideat,
1080 2395 1151 2475 sed
1169 2412 1326 2474 tantum
1338 2394 1531 2494 detineat,
1545 2413 1592 2472 ut
1601 2398 1720 2472 etiam
1732 2394 1977 2501 responden·

602 2514 701 2593 dum
715 2533 774 2596 est
792 2518 841 2595 ad
860 2518 898 2595 d.
918 2520 965 2595 L·
979 2518 1062 2619 6,§
1079 2545 1109 2594 1.
1128 2515 1208 2594 Sed
1230 2514 1337 2593 dicet
1353 2516 1463 2621 quis,
1477 2508 1638 2591 facultas
1658 2513 1727 2590 illa
1747 2514 1972 2614 redeundi,

602 2652 642 2713 et
662 2653 945 2742 occupatorem
964 2634 1193 2743 expellendi
1211 2652 1271 2712 est
1289 2634 1348 2713 ibi
1369 2661 1463 2713 vera
1480 2634 1698 2737 aggressio,
1718 2658 1844 2739 quam
1863 2635 1972 2739 leges

599 2782 823 2862 numquam
842 2756 1064 2861 patiuntur.
1076 2758 1232 2835 Verum
1252 2772 1327 2847 est,
1351 2754 1468 2858 quod
1489 2757 1540 2828 sit
1558 2749 1618 2829 ibi
1638 2778 1734 2829 vera
1747 2756 1973 2856 aggressio,

599 2870 670 2953 sed
688 2872 755 2951 lex
774 2887 908 2949 coacta
928 2868 1004 2947 fuit
1025 2870 1103 2947 hoc
1125 2872 1170 2947 in
1197 2896 1292 2949 casu
1316 2898 1406 2948 eam
1422 2870 1586 2950 fictione
1610 2871 1747 2981 aliqud
1770 2889 1976 2983 tamquam

599 2992 876 3073 defensionem
893 2988 1103 3069 admittere
1123 2990 1178 3069 ob
1190 2991 1407 3071 utilitatem
1425 2993 1630 3101 publicam
1648 3022 1739 3103 qnae
1754 2995 1833 3075 hoc
1850 3025 1975 3106 quam

600 3116 773 3191 maxime
795 3112 1047 3218 postulabat,
1070 3112 1264 3221 quonum
1283 3112 1377 3193 alias
1394 3114 1497 3193 nihil
1518 3114 1675 3195 facilius
1691 3115 1831 3196 fuisset
1849 3146 1977 3227 qnam
2043 3112 2049 3123 ‘

600 3234 924 3339 usucapientium
945 3237 1241 3341 possessionem
1258 3237 1571 3345 interrumpere,
1588 3238 1700 3318 unde
1722 3237 1902 3320 dominia
1919 3269 1975 3321 re

600 3382 693 3433 rum
723 3382 946 3464 numquam
970 3353 1053 3435 fere
1085 3354 1254 3435 fuissent
1282 3374 1399 3437 certa.
1426 3362 1565 3439 Posset
1593 3364 1686 3469 quis
1711 3364 1877 3443 tandem
1900 3364 1971 3444 ad-

600 3476 680 3559 huc
702 3477 878 3586 objicere
899 3507 908 3557 ι
929 3481 963 3559 si
987 3497 1204 3589 occupator
1227 3506 1436 3560 reversum
1463 3482 1671 3565 absentem
1696 3487 1738 3565 ri
1765 3485 1971 3594 dejecerit,

600 3614 697 3677 tunc
727 3624 821 3675 rere
850 3600 1049 3705 possidet,
1079 3604 1193 3711 atqui
1220 3605 1262 3683 vi
1292 3603 1469 3713 dejectam
1500 3608 1621 3686 etiam
1646 3608 1845 3715 possidet,
1873 3636 1969 3686 nam

601 3717 770 3827 perinde
801 3719 942 3799 haberi
974 3721 1095 3802 debet
1115 3753 1160 3804 ac
1181 3729 1215 3806 si
1237 3726 1461 3835 possideret
1469 3729 1513 3808 L.
1533 3758 1579 3839 17
1596 3729 1635 3808 ff.
1659 3730 1696 3807 h.
1716 3746 1759 3830 t,
1779 3756 1874 3834 ergo
1892 3746 1967 3808 etc.

599 3843 906 3950 Respondemus
918 3904 928 3941 ,
939 3845 1052 3953 quod
1076 3848 1119 3926 id
1139 3877 1225 3929 non
1244 3853 1324 3931 alio
1338 3880 1458 3934 sensu
1477 3854 1606 3935 aliove
1618 3869 1799 3960 respectu
1811 3850 1969 3932 ibidem

599 3980 812 4065 asseratur,
829 3991 951 4073 qnam
970 3969 1088 4076 quia,
1110 3986 1156 4048 ut
1175 3973 1261 4078 ipse
1273 3976 1470 4056 Uarnaus
1484 3975 1611 4075 addit,
1628 3974 1843 4055 interdicto
1858 3974 1971 4055 unde

601 4084 641 4164 ri
660 4078 944 4192 recuperandae
962 4092 1225 4197 possessionis
1249 4092 1480 4175 facultatem
1497 4098 1622 4173 habet
1642 4096 1681 4172 d.
1698 4095 1741 4171 L
1765 4121 1829 4201 17,
1842 4094 1970 4205 idque

601 4206 825 4287 secundum
855 4210 1057 4315 regulam,
1080 4214 1161 4322 qual
1187 4217 1258 4325 qui
1282 4218 1481 4297 actionem
1509 4216 1634 4301 habet
1662 4212 1714 4295 ad
1741 4243 1828 4294 rem
1855 4242 1971 4295 recu·
2042 4245 2045 4251 ·

603 4328 842 4435 perandum,
864 4332 992 4439 ipsam
1012 4362 1097 4413 rem
1115 4335 1263 4416 babere
1284 4334 1447 4418 videtur
1466 4341 1509 4417 L
1535 4337 1580 4419 15
1600 4337 1639 4415 ff.
1659 4336 1774 4417 dett
1796 4340 1830 4418 J.

657 4486 823 4570 Certum
844 4494 979 4602 itaque
1002 4457 1195 4599 est,duos
1212 4520 1296 4573 non
1314 4520 1432 4600 posse
1448 4494 1633 4579 eamdem
1647 4522 1734 4577 rem
1751 4498 1971 4608 separatim
