4517 5867
614 722 654 769 ιι
1005 690 1166 765 manc.
1188 689 1277 761 rac
1301 686 1593 790 scnomsmr

621 918 625 931 ·
657 880 718 959 Ita
734 878 817 988 jam
830 873 1080 984 possessione
1098 871 1243 975 divisi,
1261 868 1364 980 quid
1375 866 1616 954 dicemusde
1630 865 1673 943 L.
1700 888 1749 941 10
1765 862 1807 946 C.
1824 864 1901 947 h.t
1915 869 1986 971 ,in

612 1004 694 1115 qud
709 999 923 1083 adversarii
942 996 1185 1077 divisionem
1197 1024 1313 1077 suam
1327 986 1859 1099 fundantillespondemus,
1870 990 1986 1101 quod

615 1128 660 1206 in
671 1124 739 1203 illi
749 1124 837 1230 lege
853 1119 1022 1233 quidem
1034 1118 1207 1220 dicatur,
1226 1117 1329 1231 quid
1342 1119 1395 1201 sit
1411 1115 1610 1226 possessio
1621 1112 1817 1193 naturalis
1835 1131 1877 1193 et
1890 1115 1987 1192 ciri·

609 1246 659 1329 lis
688 1244 828 1345 simul,
859 1272 943 1327 non
973 1271 1070 1325 vero
1102 1242 1203 1355 quid
1240 1242 1439 1351 possessio
1472 1239 1600 1320 civilis
1634 1254 1804 1316 tantum.
1831 1236 1988 1316 Dicitur

611 1372 722 1451 enirn
748 1371 793 1449 in
812 1367 849 1448 d.
869 1370 937 1446 L:
959 1396 1080 1448 nemo
1107 1367 1277 1472 ambigit
1303 1365 1567 1474 possessionis
1594 1359 1799 1468 duplicem
1821 1388 1909 1441 esse
1925 1387 1987 1439 ra·

612 1497 783 1593 donem,
796 1479 916 1567 aliam
936 1516 1027 1597 quae
1046 1490 1137 1595 jure
1167 1489 1369 1587 consistit,
1389 1489 1507 1568 aliam
1530 1512 1621 1596 quae
1639 1510 1805 1592 corpore
1831 1484 1986 1561 consis-

612 1616 690 1709 tit;
713 1614 797 1719 jam
821 1628 955 1689 autem
986 1612 1185 1717 possessio
1212 1640 1305 1722 quae
1327 1638 1498 1721 corpore
1519 1611 1699 1690 consistit
1728 1636 1775 1687 ea
1798 1625 1878 1710 est,
1904 1608 1988 1717 qual

616 1734 708 1844 quis
735 1758 822 1811 rem
843 1730 1079 1811 naturaliter
1105 1731 1281 1832 detinet,
1304 1732 1396 1833 sed,
1426 1752 1612 1843 utsupra
1637 1730 1888 1834 vidimuspis
1915 1730 1988 1838 qui

616 1884 690 1967 per
708 1854 831 1935 alium
840 1853 1010 1957 detinet,
1029 1854 1186 1935 detinet
1201 1857 1323 1937 etiam
1340 1856 1600 1953 naturaliter;
1614 1858 1838 1965 Imperator
1855 1855 1993 1963 itaque

615 2006 689 2087 per
709 1978 1001 2089 possessionem
1012 2006 1102 2089 quae
1108 1978 1201 2087 jure
1220 1982 1425 2079 consistit,
1444 2008 1531 2061 non
1547 1980 1844 2086 intelligitcam,
1865 2004 1990 2087 quam

615 2102 838 2181 ministerio
866 2100 1032 2175 alterius
1065 2100 1314 2194 detinemus,
1342 2119 1391 2177 ut
1413 2102 1557 2180 volunt
1584 2098 1821 2196 aduersarii,
1841 2100 1914 2177 sed
1933 2099 1985 2178 ad

617 2220 848 2319 sciendum,
868 2216 970 2326 quid
997 2216 1226 2325 Imperator
1245 2246 1319 2327 per
1345 2224 1639 2328 possessionem
1666 2248 1758 2330 quae
1780 2220 1870 2328 jure
1899 2248 1990 2300 con·

618 2344 742 2441 sistit,
770 2338 985 2444 intelligat,
1014 2341 1309 2421 recurrendum
1327 2360 1387 2423 est
1406 2342 1467 2422 ad,
1479 2346 1607 2450 ipsam
1626 2362 1813 2423 naturam
1837 2370 1994 2451 posses-

619 2462 760 2553 sionis,
783 2460 894 2569 juxta
908 2488 1037 2571 quam
1056 2461 1296 2543 divisionem
1314 2482 1513 2564 nostram,
1532 2492 1625 2541 cum
1646 2478 1729 2569 per¹
1744 2492 1836 2543 eam
1858 2468 1995 2545 omnia

621 2586 697 2665 rite
720 2580 957 2683 cohartans,
977 2582 1243 2665 fundamentis
1261 2584 1368 2665 haud
1384 2611 1517 2663 carere
1534 2582 1787 2661 arbitramur.
1874 2620 1877 2626 ·

674 2800 713 2877 N
714 2814 850 2877 otetur
868 2814 1001 2876 tamen
1018 2824 1179 2873 necesse
1196 2812 1257 2873 est
1266 2794 1405 2905 quoad
1420 2793 1815 2907 divisionem,quam
1827 2796 1881 2877 de
1899 2762 1996 2905 posss

622 2926 797 3005 sessione
816 2920 1011 3023 sistimus,
1030 2917 1138 3025 leges
1158 2916 1250 2996 illos
1271 2917 1508 3026 possidendi
1528 2918 1673 3001 modos
1684 2948 1769 3000 non
1786 2926 1843 3020 ita
1859 2920 2000 3033 distins

621 3080 761 3161 guere3
778 3078 871 3147 nam
893 3067 935 3129 et
954 3078 1003 3129 ex
1019 3050 1118 3157 ipsis
1136 3046 1304 3129 diversis
1321 3048 1459 3155 legum
1471 3050 1670 3148 textibus,
1688 3077 1868 3160 quorum
1887 3080 1997 3161 unus

622 3174 782 3255 videtur
803 3172 921 3269 alteri,
938 3173 1186 3275 contrarius,
1205 3186 1328 3279 patet,
1347 3172 1691 3281 verbapossessio,
1710 3177 1899 3281 possessio
1922 3202 1998 3253 na·

622 3296 784 3393 taralis,
796 3297 988 3403 possessio
1008 3296 1132 3372 civiles
1150 3295 1194 3373 in
1212 3293 1303 3402 jure
1321 3294 1543 3393 conlundi3
1562 3298 1707 3404 saepius
1721 3298 1833 3377 enim
1854 3296 1997 3377 dicitur

621 3419 858 3503 naturaliter
879 3416 1086 3528 possidere
1099 3419 1184 3527 ⁵qui
1202 3444 1373 3526 corpore
1399 3434 1442 3496 et
1460 3420 1597 3498 animo
1626 3417 1783 3499 domini
1803 3419 1998 3527 possidet,

624 3542 843 3649 aliqnando
866 3545 989 3623 etiam
1017 3567 1093 3648 pro
1119 3539 1293 3647 simplici
1324 3540 1561 3623 detentione
1587 3540 1738 3641 dicitur
1767 3543 1998 3629 naturaliter

625 3660 910 3766 possidere,ut
924 3666 967 3741 in
984 3665 1027 3739 L
1053 3690 1101 3741 ra
1121 3660 1160 3739 ff.
1174 3662 1214 3742 h.
1234 3680 1262 3743 t.
1283 3665 1325 3742 L.
1346 3692 1389 3771 7,
1408 3671 1433 3764 §
1461 3691 1502 3743 ιι
1526 3662 1564 3741 ff.
1584 3690 1729 3743 comm.
1749 3663 1871 3743 divid.
1889 3664 1930 3739 L.
1949 3691 1995 3767 a,

625 3782 679 3880 §r
703 3782 741 3859 ff.
763 3810 837 3889 pro
857 3782 1033 3883 herede,
1052 3783 1125 3865 ubi
1147 3786 1319 3868 colonus
1329 3785 1596 3896 depositarius
1605 3806 1647 3867 et
1659 3783 1997 3867 commodatarius

626 3905 860 3986 naturaliter
882 3898 1088 4013 possidere
1110 3907 1324 4014 dicuntur,
1340 3940 1445 4021 quos
1461 3929 1595 3991 tamen
1612 3936 1750 4016 omnes
1761 3935 1849 3987 non
1865 3908 2000 4015 possi·

628 4024 723 4123 dere
732 4026 803 4105 sed
814 4025 996 4109 detinere
1010 4046 1169 4125 comtat
1176 4033 1295 4127 mc.
1303 4060 1445 4113 comm.
1456 4033 1672 4137 deusucap.
1682 4033 1726 4108 t.
1738 4029 1907 4131 25,§1ss.
1917 4029 1956 4109 h.
1970 4047 2000 4109 t.

630 4149 830 4243 Caeterum
848 4151 961 4259 quod
975 4152 1101 4231 verba
1121 4151 1189 4231 illa
1201 4154 1243 4231 in
1255 4152 1346 4262 jure
1364 4150 1675 4245 conbrndantnr,
1695 4168 1804 4259 patet
1819 4154 1939 4231 etiam
1952 4180 2004 4233 ex

493 4324 524 4401 ἱ·
629 4274 672 4361 L.
694 4271 773 4377 6‚§
799 4274 1186 4380 1‚t.3,§7,L.125‚
1204 4289 1267 4383 §a
1286 4277 1324 4355 tf.
1344 4277 1383 4355 h.
1401 4292 1484 4356 tet
1499 4274 1773 4381 aliislegibns,
1795 4274 2003 4385 inquibus

631 4396 677 4489 ii,
690 4396 763 4505 qui
777 4421 826 4473 ex
836 4392 1031 4474 divisione
1044 4398 1181 4477 nostri
1191 4400 1349 4480 civilem
1360 4414 1521 4479 tantum
1530 4398 1830 4505 possessionem
1838 4395 2001 4498 babent,

634 4508 825 4597 dicuntur
838 4516 1078 4624 ,simpliciter
1091 4519 1298 4626 possidere
1316 4546 1400 4599 non
1413 4517 1555 4601 addito
1574 4517 1777 4601 uocabulo
1795 4518 1937 4601 viliter.
