4517 5867
627 676 675 772 98
1019 675 1177 745 meuc.
1200 673 1290 742 mc.
1315 669 1602 741 senoensem

632 900 681 953 ex
699 872 912 972 fructibus,
932 889 974 953 et
989 896 1053 951 res
1072 864 1307 965 naturaliter
1321 865 1531 947 fructificet
1548 888 1623 947 suo
1638 858 1826 964 domino,
1842 862 1936 946 hinc
1951 867 2007 947 fit

630 1022 836 1101 possessor
861 994 1103 1103 locupletior
1132 1019 1225 1072 cum
1244 988 1397 1098 jucturd
1424 986 1598 1086 domini,
1622 1010 1749 1095 quare
1779 1009 1873 1063 cum
1899 990 2005 1069 velit

630 1116 781 1194 habere
798 1116 900 1195 illud
919 1118 1079 1198 lucrum
1097 1142 1147 1195 ex
1165 1113 1383 1216 fructibus,
1395 1111 1558 1219 aequitas
1572 1106 1677 1202 vult,
1698 1132 1751 1191 ne
1772 1107 1911 1214 cupiat
1929 1110 2004 1187 de-

631 1236 778 1317 ducere
797 1239 1016 1348 impensas,
1034 1256 1080 1319 ut
1092 1240 1150 1318 sic
1161 1237 1227 1318 illa
1244 1264 1330 1317 sese
1341 1249 1487 1314 mutuo
1497 1242 1772 1335 compensent
1789 1226 2006 1335 Objiciunt

630 1357 861 1460 adversarii,
880 1361 992 1473 quod
1016 1362 1080 1441 lex
1108 1358 1178 1439 det
1197 1356 1416 1466 possessori
1441 1370 1482 1434 et
1498 1352 1563 1460 jus
1585 1347 1816 1429 deducendi
1840 1352 2003 1457 impen-

630 1508 712 1579 sas,
732 1500 773 1562 et
783 1483 847 1589 jus
869 1484 1024 1563 fructus
1042 1483 1129 1561 solo
1149 1496 1353 1585 separatos
1364 1474 1685 1555 irrevocabiliter
1698 1470 1867 1552 faciendi
1885 1500 2003 1575 suos„

631 1601 743 1707 quod
756 1600 821 1707 jus
839 1605 1059 1708 possessori
1090 1599 1240 1678 auferri
1266 1624 1352 1675 non
1372 1614 1523 1704 potest,
1546 1594 1589 1673 id
1612 1593 1727 1704 quod
1747 1610 1881 1672 tamen
1898 1622 2003 1673 con·

630 1722 767 1820 tingit,
795 1724 828 1797 si
848 1721 1044 1822 dicamus,
1068 1718 1282 1798 dominum
1303 1717 1508 1796 fructuum
1533 1716 1678 1796 valoris
1703 1716 2004 1821 compensatio·

632 1862 727 1915 nem
754 1864 847 1917 cum
871 1842 1062 1947 impensis
1089 1866 1205 1947 posse
1224 1838 1478 1918 contendere.
1499 1838 1806 1943 Respondemus
1825 1825 2004 1917 :reruni

590 2036 592 2043 ,
631 1974 705 2058 est,
718 1960 926 2066 quod-hoc
945 1990 993 2039 ex
1005 1962 1198 2067 opinione
1212 1961 1351 2039 nostrai
1361 1958 1653 2069 sequatur,sed
1666 1976 1803 2038 utrum
1814 1956 1857 2061 id
1872 1958 2005 2036 invitat

629 2075 715 2181 lege
734 2077 801 2157 fiat
823 2107 898 2158 nec
923 2108 995 2182 ne,
1019 2080 1096 2159 alia
1119 2098 1180 2159 est
1203 2084 1399 2189 quaestio,
1418 2107 1544 2189 quam
1566 2079 1792 2185 negandam
1812 2106 2005 2157 essenon

629 2193 877 2293 dubitamus3
899 2200 1091 2280 deductio
1109 2202 1219 2280 enim
1240 2203 1512 2310 impensarum
1532 2200 1657 2282 hodie
1675 2220 1721 2281 ut
1736 2198 1837 2281 olim
1856 2200 2005 2278 funda-

627 2330 696 2391 tur
704 2316 782 2396 h'oc
795 2319 946 2399 scilicet
954 2323 1170 2429 principio,
1179 2324 1293 2435 quod
1303 2350 1423 2404 nemo
1434 2326 1561 2429 possit
1569 2350 1663 2409 cum
1673 2322 1823 2410 damno
1835 2320 2004 2399 alterius

629 2434 886 2545 locupletari,
898 2442 980 2549 jam
993 2460 1125 2525 autem
1140 2444 1304 2552 quando
1320 2444 1506 2543 dicimus,
1516 2443 1629 2549 quod
1642 2469 1851 2545 possessor
1865 2460 2007 2519 tenea-

629 2572 696 2635 tur
714 2560 913 2666 impensas
937 2590 1200 2667 compensare
1222 2591 1314 2640 cum
1339 2560 1560 2664 fructibus,
1587 2564 1643 2637 ita
1671 2578 1717 2637 ut
1739 2560 2001 2663 superfluum

627 2692 784 2756 tantum
816 2683 941 2786 possit
976 2709 999 2761 a
1030 2681 1198 2764 domino
1226 2682 1410 2784 exigere,
1438 2706 1560 2757 nemo
1591 2678 1863 2786 locupletatur
1899 2706 1998 2759 cum

627 2795 775 2877 damno
807 2800 1220 2898 alterium-quonism
1248 2828 1454 2895 possessor
1482 2800 1691 2877 indemnis
1717 2816 1779 2877 est
1800 2800 1919 2876 lucro
1950 2827 2004 2877 ex

628 2913 826 2990 fructibus
852 2926 1065 3017 percepto,
1089 2927 1130 2988 et
1152 2909 1325 3017 proinde
1352 2913 1529 3017 objectio
1550 2920 1619 2999 illa
1643 2920 1744 2999 nihil
1765 2936 1905 2998 contra
1923 2948 2000 2999 nos

630 3031 784 3141 probat.
806 3034 950 3139 Neque
970 3031 1116 3130 obstat,
1134 3030 1248 3138 quod
1265 3056 1313 3109 ex
1330 3029 1540 3136 principiis
1557 3033 1896 3136 compensationis
1913 3062 2002 3115 non

631 3154 779 3234 dentur
794 3156 958 3233 termini
979 3153 1135 3233 habiles
1151 3150 1203 3243 ad
1223 3154 1613 3257 compensationem,
1639 3178 1690 3231 eo
1709 3153 1823 3262 quod
1843 3182 2003 3262 posses-

631 3304 698 3359 sor
734 3294 793 3357 est
824 3275 991 3385 quidem
1022 3265 1201 3355 creditor
1237 3276 1513 3381 impensarum
1551 3300 1638 3352 non
1669 3290 1806 3361 autem
1840 3276 2005 3358 debitor

513 3458 516 3477 ,
630 3398 860 3494 fructuum3
877 3426 962 3477 non
982 3399 1092 3477 enim
1111 3394 1415 3497 contendimus,
1435 3394 1549 3505 quod
1568 3399 1841 3503 compensatio
1864 3400 2002 3478 stricto

629 3520 736 3626 jure,
754 3518 1026 3599 etsccundum
1045 3517 1129 3625 ejus
1149 3518 1347 3624 principia
1361 3517 1440 3595 hoc
1459 3518 1503 3594 in
1522 3544 1616 3595 casu
1636 3517 1784 3601 debeat
1801 3519 2001 3622 obtinere,

631 3636 702 3717 sed
723 3639 836 3747 quod
853 3643 1018 3746 aquius
1039 3667 1128 3719 eam
1144 3664 1270 3749 quam
1291 3641 1461 3717 maxime
1484 3638 1675 3745 postulet

561 3934 564 3943 ·
686 3892 888 3975 Caeterum
900 3906 1043 3998 praeter
1056 3889 1142 3969 haec
1155 3891 1289 3969 notari
1299 3908 1448 3998 potest,
1457 3918 1738 3999 possessorem,
1752 3889 1812 3966 uti
1826 3886 1878 3975 de
1896 3892 1993 3971 Jure

633 4014 831 4115 Romano,
850 4013 1032 4095 desinere
1051 4010 1180 4091 facere
1190 4010 1344 4091 fructus
1352 4041 1448 4093 suos
1460 4015 1590 4093 statim
1602 4040 1648 4091 ac
1664 4014 1889 4117 agnoverit,
1906 4040 1993 4091 rem

635 4162 717 4218 esse
745 4137 937 4229 alienam,
964 4134 1009 4213 id
1029 4132 1143 4242 quod
1168 4134 1318 4239 probat
1340 4152 1411 4215 art.
1443 4134 1541 4232 550,
1565 4140 1592 4232 §
1619 4160 1654 4234 1,
1671 4133 1744 4213 ubi
1765 4131 1913 4211 dicitur
1928 4163 1936 4210 ε
1954 4134 1993 4211 le

622 4282 848 4359 possesseur
864 4284 964 4336 cesse
977 4254 1098 4333 d'etre
1111 4255 1162 4333 de
1177 4256 1377 4355 bomcefoi
1393 4255 1451 4333 du
1468 4274 1645 4335 moment
1662 4256 1716 4334 od
1731 4284 1792 4333 ces
1812 4243 1917 4333 uices
1937 4256 1996 4331 tot

632 4394 722 4451 sont
740 4404 895 4455 cunnus.
917 4375 1035 4477 Unde
1065 4375 1170 4456 clare
1194 4392 1319 4483 patet,
1336 4375 1457 4457 bonae
1472 4378 1566 4457 fidei
1584 4404 1855 4485 possessorem
1875 4405 1991 4485 posse

634 4490 719 4569 fieri
740 4497 851 4605 malae
870 4497 985 4598 fidei,
1004 4496 1095 4575 licet
1111 4487 1186 4575 nec
1203 4498 1252 4576 lis
1274 4514 1488 4580 contestata
1509 4500 1581 4605 sit,
1603 4528 1679 4580 nec
1698 4499 1778 4579 ulla
1800 4498 1987 4606 interpel-
