4517 5867
650 632 697 717 aa
989 645 1457 721 commorabamur
1479 647 1674 722 ιιοιιιιιι
1752 632 1755 640 “

653 832 831 960 discedit
844 832 1039 968 quotquot
1060 875 1155 938 aunt
1175 858 1366 938 elementa
1387 859 1673 958 remotissima,
1691 872 1714 939 e
1735 884 1907 974 quorum
1928 881 2023 942 con·

657 1009 778 1063 cursu
795 981 878 1064 vita
899 979 1129 1090 vegetabilis
1145 979 1360 1064 derivatur.
1378 966 1521 1064 Procul
1539 979 1661 1063 dubio
1679 982 1912 1091 vegetabilia
1933 1013 2029 1065 con·

648 1121 757 1186 stant
768 1103 951 1215 plurimis
970 1103 1132 1212 oxydis,
1152 1101 1416 1244 plurimisque
1433 1103 1556 1185 acidis
1577 1131 1689 1214 aeque
1705 1099 1923 1208 debilibus,
1938 1087 2031 1214 qual

651 1227 711 1306 sio
727 1225 840 1309 facile
859 1226 955 1306 alias
976 1225 1317 1308 combinationes
1304 1227 1407 1308 mire
1424 1244 1614 1337 possum,
1629 1242 1668 1307 ct
1685 1253 1831 1336 magna
1856 1227 2027 1310 variatas

646 1347 933 1458 productorum
951 1347 1234 1458 vegetabilium
1246 1366 1403 1432 tantum
1419 1351 1605 1460 provenit
1622 1378 1671 1431 ex
1690 1348 1930 1460 quibusdm
1947 1347 2025 1450 diff

646 1469 824 1552 ferentiis
846 1472 889 1552 in
910 1470 1236 1582 proportionibus
1254 1472 1357 1576 inter
1375 1473 1570 1584 principia
1591 1473 1881 1557 constituentia.
2016 1546 2023 1567 ,

682 1675 938 1783 ⁸Substantias
961 1707 1049 1788 quae
1070 1680 1112 1759 in
1131 1704 1253 1790 regno
1272 1665 1483 1793 vegetabili
1505 1678 1759 1790 reperiuntur
1785 1693 1881 1757 sunt
1900 1704 1910 1755 ι
1939 1664 2025 1756 saoss

645 1796 837 1914 charum,
866 1802 973 1912 quod
1005 1801 1220 1912 obtinetur
1246 1833 1297 1888 ex
1336 1803 1530 1887 arundine
1561 1798 1822 1884 sacchariferd
1845 1798 2024 1909 aliisque.

643 1921 766 2001 Prout
791 1923 933 2003 asserit
957 1925 1157 2006 continere
1177 1920 1330 2035 gluten,
1352 1924 1523 2037 gummi,
1551 1923 1841 2024 extractivum
1866 1920 2024 2002 acidum

641 2041 829 2122 malicum
841 2043 1103 2154 ,sulpbatem
1125 2047 1260 2151 calcis,
1273 2065 1313 2127 et
1330 2048 1529 2159 duplicem
1546 2048 1719 2158 speciem
1732 1980 1925 2149 cacabari,
1944 2073 2023 2126 sac·

641 2163 807 2244 charum
826 2165 991 2298 vulgare
1015 2184 1055 2246 et
1074 2169 1246 2275 speciem
1263 2170 1439 2251 cacabari
1459 2198 1541 2250 non
1562 2165 2021 2300 crystallisabilis‚quod

638 2281 683 2365 in
703 2283 847 2390 syrupi
868 2297 976 2360 statu
996 2290 1180 2366 occurrit

690 2487 838 2568 Manna
874 2483 1071 2625 praecipue
1103 2481 1319 2566 ebc1ture
1353 2485 1528 2568 Fraxino
1561 2487 1686 2570 Orno.
1717 2487 1901 2569 Exsudat
1930 2504 2019 2570 tum

637 2617 779 2720 sponte
806 2605 956 2690 sauvis
981 2605 1210 2705 mensibus,
1236 2623 1325 2688 tum
1352 2609 1530 2690 incisurd
1550 2607 1650 2692 fluit.
1675 2591 1843 2690 Constat
1869 2611 2016 2690 mannd

636 2731 752 2839 pura,
778 2729 898 2842 parca
924 2729 1100 2810 sacchari
1119 2729 1249 2839 copid,
1274 2731 1440 2813 materia
1467 2729 1588 2812 odore
1622 2744 1818 2815 neuseoso
1847 2731 2014 2841 pradia

512 2883 517 2893 ·
635 2851 702 2929 cui
726 2850 966 2926 adscribitur
986 2851 1119 2927 uirum
1142 2849 1536 2966 esthamma-ettad
1554 2853 1805 2954 mucilaginis
1824 2854 1988 2937 ratione.

689 3031 908 3115 Sarcccclla
929 3045 990 3115 est
1017 3024 1257 3137 productum
1274 3027 1423 3107 Penaeae
1449 3045 1720 3128 mucronata,
1751 3030 1942 3116 dissoluta
1966 3039 2009 3122 in

634 3158 753 3268 aqud
772 3151 1021 3266 mucilaginis
1040 3149 1218 3259 speciem?
1229 3171 1312 3258 prac
1327 3175 1373 3230 se
1391 3148 1480 3232 fert
1497 3151 1562 3233 Ad
1584 3151 1844 3235 sarcocollam
1862 3161 2006 3240 natura

636 3283 708 3362 sud
729 3277 877 3358 accedit
898 3272 1114 3383 liquiritia‚
1136 3287 1379 3382 quaepraeter
1397 3289 1552 3384 partem
1574 3274 1868 3383 sacrbarinam,
1886 3278 2008 3362 ctiam

632 3400 839 3486 materiem
860 3395 1189 3506 mucilaginosam
1209 3394 1393 3477 continet

686 3584 854 3670 Gummi
872 3600 933 3666 est
948 3581 1147 3696 liquidum
1164 3580 1341 3690 spissum
1357 3581 1620 3689 pellucidum,
1640 3583 1871 3688 modorum,
1898 3499 2006 3695 qnod

630 3711 825 3824 praecipue
845 3739 867 3788 e
861 3706 1053 3794 Mimosd
1071 3703 1231 3788 niloticd
1249 3702 1435 3806 exsudat,
1452 3703 1718 3786 dissolutum
1706 3733 1750 3788 m
1747 3707 1872 3845 aqud
1882 3712 2007 3792 muci·

629 3835 800 3946 laginam
815 3831 970 3916 format.
989 3827 1230 3910 saccharum
1249 3841 1406 3907 tantum
1423 3824 1594 3907 differta
1608 3826 1760 3938 gummi
1773 3827 1908 3910 minus
1920 3831 2004 3913 unt

629 3957 781 4066 ratione
803 3981 927 4065 aquae.
956 3950 1186 4034 Substantia
1211 3977 1384 4032 mucosa
1397 3965 1527 4035 exstat
1551 3950 1596 4031 in
1622 3949 1851 4052 radicibus,
1868 3949 2003 4061 tobis,

628 4095 701 4160 eto.
693 4136 724 4182 .‚
741 4077 1006 4188 plurimarum
1025 4073 1240 4172 arborum3
1254 4073 1310 4154 ad
1339 4098 1493 4183 gummi
1480 4071 1672 4154 accedit

661 4227 912 4375 ΙΡιιΙιιΙιιοὶιι
930 4281 991 4346 est
1008 4264 1173 4344 materia
1191 4261 1371 4343 colorans
1393 4288 1482 4371 quae
1499 4254 1700 4342 obtinetur
1718 4287 1767 4346 ex
1789 4259 1917 4342 Crooo
1934 4241 1998 4341 ιι]-

626 4388 732 4488 tivo,
752 4387 948 4470 destillata
967 4383 1195 4491 suppeditat
1212 4410 1358 4490 aquam
1379 4383 1553 4478 acidam,
1579 4383 1710 4463 oleum
1734 4383 1877 4465 coloris
1901 4383 1997 4466 flavi

627 4506 780 4605 citrini,
810 4506 876 4587 cui
897 4503 1071 4584 succedit
1094 4503 1230 4582 oleum
1255 4503 1381 4612 magis
1409 4502 1649 4607 coloratum,
1670 4503 1854 4588 avolante
1879 4503 1992 4585 acido
