<?xml version="1.0" encoding="UTF-8"?>
<!DOCTYPE html PUBLIC "-//W3C//DTD XHTML 1.0 Transitional//EN"
    "http://www.w3.org/TR/xhtml1/DTD/xhtml1-transitional.dtd">
<html xmlns="http://www.w3.org/1999/xhtml" xml:lang="en" lang="en">
 <head>
  <title>
</title>
<meta http-equiv="Content-Type" content="text/html;charset=utf-8" />
  <meta name='ocr-system' content='tesseract 3.04.00' />
  <meta name='ocr-capabilities' content='ocr_page ocr_carea ocr_par ocr_line ocrx_word'/>
</head>
<body>
  <div class='ocr_page' id='page_1' title='image "annalesacademia01goog_0127.png"; bbox 0 0 4517 5867; ppageno 0'>
   <div class='ocr_carea' id='block_1_1' title="bbox 490 603 1726 710">
    <p class='ocr_par' dir='ltr' id='par_1_1' title="bbox 490 603 1726 710">
     <span class='ocr_line' id='line_1_1' title="bbox 490 603 1726 710; baseline 0.008 -22"><span class='ocrx_word' id='word_1_1' title='bbox 490 611 733 688; x_wconf 79' lang='lat' dir='ltr'>natrousro</span> <span class='ocrx_word' id='word_1_2' title='bbox 757 615 820 684; x_wconf 77' lang='lat' dir='ltr'>lo</span> <span class='ocrx_word' id='word_1_3' title='bbox 844 613 1153 703; x_wconf 77' lang='lat' dir='ltr'>Qussrronau</span> <span class='ocrx_word' id='word_1_4' title='bbox 1177 619 1451 695; x_wconf 76' lang='lat' dir='ltr'>coraurcau.</span> <span class='ocrx_word' id='word_1_5' title='bbox 1525 703 1531 710; x_wconf 59' lang='grc'><em>,</em></span> <span class='ocrx_word' id='word_1_6' title='bbox 1586 625 1629 698; x_wconf 62' lang='grc'>,3</span> <span class='ocrx_word' id='word_1_7' title='bbox 1722 603 1726 608; x_wconf 81' lang='grc'><em>’</em></span> 
     </span>
    </p>
   </div>
   <div class='ocr_carea' id='block_1_2' title="bbox 161 803 1630 1399">
    <p class='ocr_par' dir='ltr' id='par_1_2' title="bbox 161 803 1630 1399">
     <span class='ocr_line' id='line_1_2' title="bbox 269 803 1630 916; baseline 0.005 -29"><span class='ocrx_word' id='word_1_8' title='bbox 269 807 404 916; x_wconf 81' lang='lat' dir='ltr'>juveni</span> <span class='ocrx_word' id='word_1_9' title='bbox 428 806 556 914; x_wconf 85' lang='lat' dir='ltr'>ligatae</span> <span class='ocrx_word' id='word_1_10' title='bbox 584 820 688 887; x_wconf 86' lang='lat' dir='ltr'>sunt</span> <span class='ocrx_word' id='word_1_11' title='bbox 719 805 925 912; x_wconf 88' lang='lat' dir='ltr'>Spirarum</span> <span class='ocrx_word' id='word_1_12' title='bbox 952 803 1121 886; x_wconf 88' lang='lat' dir='ltr'>directio</span> <span class='ocrx_word' id='word_1_13' title='bbox 1147 809 1270 885; x_wconf 86' lang='lat' dir='ltr'>modo</span> <span class='ocrx_word' id='word_1_14' title='bbox 1299 809 1480 890; x_wconf 78' lang='lat' dir='ltr'><strong>dextram</strong></span> <span class='ocrx_word' id='word_1_15' title='bbox 1507 815 1630 896; x_wconf 84' lang='lat' dir='ltr'>modo</span> 
     </span>
     <span class='ocr_line' id='line_1_3' title="bbox 271 917 1630 1034; baseline 0.004 -28"><span class='ocrx_word' id='word_1_16' title='bbox 271 931 473 1008; x_wconf 72' lang='lat' dir='ltr'><strong>sinistram</strong></span> <span class='ocrx_word' id='word_1_17' title='bbox 499 951 638 1007; x_wconf 83' lang='lat' dir='ltr'>versus</span> <span class='ocrx_word' id='word_1_18' title='bbox 665 925 803 1006; x_wconf 86' lang='lat' dir='ltr'>tendit.</span> <span class='ocrx_word' id='word_1_19' title='bbox 830 927 933 1004; x_wconf 82' lang='lat' dir='ltr'>Vasa</span> <span class='ocrx_word' id='word_1_20' title='bbox 961 925 1120 1034; x_wconf 88' lang='lat' dir='ltr'>spiralia</span> <span class='ocrx_word' id='word_1_21' title='bbox 1146 948 1304 1034; x_wconf 82' lang='lat' dir='ltr'>semper</span> <span class='ocrx_word' id='word_1_22' title='bbox 1325 927 1369 1006; x_wconf 91' lang='lat' dir='ltr'>in</span> <span class='ocrx_word' id='word_1_23' title='bbox 1391 917 1630 1012; x_wconf 71' lang='lat' dir='ltr'>intcrnod&#39;iis</span> 
     </span>
     <span class='ocr_line' id='line_1_4' title="bbox 161 1037 1630 1157; baseline -0.001 -27"><span class='ocrx_word' id='word_1_24' title='bbox 161 1123 166 1130; x_wconf 90' lang='lat'>.</span> <span class='ocrx_word' id='word_1_25' title='bbox 262 1047 466 1156; x_wconf 87' lang='lat' dir='ltr'>simplicia</span> <span class='ocrx_word' id='word_1_26' title='bbox 483 1063 524 1128; x_wconf 86' lang='lat' dir='ltr'>et</span> <span class='ocrx_word' id='word_1_27' title='bbox 540 1049 691 1157; x_wconf 88' lang='lat' dir='ltr'>absque</span> <span class='ocrx_word' id='word_1_28' title='bbox 710 1045 997 1126; x_wconf 88' lang='lat' dir='ltr'>ramificatione</span> <span class='ocrx_word' id='word_1_29' title='bbox 1020 1039 1258 1142; x_wconf 77' lang='lat' dir='ltr'>occurrunt,</span> <span class='ocrx_word' id='word_1_30' title='bbox 1280 1046 1352 1126; x_wconf 88' lang='lat' dir='ltr'>sed</span> <span class='ocrx_word' id='word_1_31' title='bbox 1369 1049 1418 1126; x_wconf 58' lang='lat' dir='ltr'>in⁴</span> <span class='ocrx_word' id='word_1_32' title='bbox 1430 1037 1548 1128; x_wconf 84' lang='lat' dir='ltr'>nodis</span> <span class='ocrx_word' id='word_1_33' title='bbox 1564 1046 1630 1129; x_wconf 85' lang='lat' dir='ltr'>in·</span> 
     </span>
     <span class='ocr_line' id='line_1_5' title="bbox 270 1163 1629 1286; baseline 0.001 -40"><span class='ocrx_word' id='word_1_34' title='bbox 270 1181 454 1275; x_wconf 88' lang='lat' dir='ltr'>terrupta</span> <span class='ocrx_word' id='word_1_35' title='bbox 486 1167 759 1248; x_wconf 88' lang='lat' dir='ltr'>ramificantur</span> <span class='ocrx_word' id='word_1_36' title='bbox 792 1182 833 1245; x_wconf 88' lang='lat' dir='ltr'>et</span> <span class='ocrx_word' id='word_1_37' title='bbox 862 1193 955 1248; x_wconf 84' lang='lat' dir='ltr'>rasa</span> <span class='ocrx_word' id='word_1_38' title='bbox 985 1163 1271 1247; x_wconf 87' lang='lat' dir='ltr'>monililormia</span> <span class='ocrx_word' id='word_1_39' title='bbox 1292 1165 1550 1286; x_wconf 71' lang='lat' dir='ltr'>producunt,</span> <span class='ocrx_word' id='word_1_40' title='bbox 1577 1170 1629 1250; x_wconf 85' lang='lat' dir='ltr'>de</span> 
     </span>
     <span class='ocr_line' id='line_1_6' title="bbox 272 1286 560 1399; baseline 0.003 -34"><span class='ocrx_word' id='word_1_41' title='bbox 272 1286 423 1399; x_wconf 88' lang='lat' dir='ltr'>quibus</span> <span class='ocrx_word' id='word_1_42' title='bbox 440 1287 560 1374; x_wconf 68' lang='lat' dir='ltr'>infra,</span> 
     </span>
    </p>
   </div>
   <div class='ocr_carea' id='block_1_3' title="bbox 269 1469 1632 1796">
    <p class='ocr_par' dir='ltr' id='par_1_3' title="bbox 269 1469 1632 1796">
     <span class='ocr_line' id='line_1_7' title="bbox 324 1469 1629 1590; baseline 0.005 -44"><span class='ocrx_word' id='word_1_43' title='bbox 324 1473 425 1548; x_wconf 87' lang='lat' dir='ltr'>Vasa</span> <span class='ocrx_word' id='word_1_44' title='bbox 453 1471 611 1577; x_wconf 90' lang='lat' dir='ltr'>spiralia</span> <span class='ocrx_word' id='word_1_45' title='bbox 641 1470 856 1552; x_wconf 87' lang='lat' dir='ltr'>crescendo</span> <span class='ocrx_word' id='word_1_46' title='bbox 882 1469 1018 1580; x_wconf 88' lang='lat' dir='ltr'>plures</span> <span class='ocrx_word' id='word_1_47' title='bbox 1044 1473 1286 1553; x_wconf 81' lang='lat' dir='ltr'>mutationes</span> <span class='ocrx_word' id='word_1_48' title='bbox 1310 1471 1513 1554; x_wconf 86' lang='lat' dir='ltr'>subeunt:</span> <span class='ocrx_word' id='word_1_49' title='bbox 1537 1499 1629 1590; x_wconf 83' lang='lat' dir='ltr'>vasa</span> 
     </span>
     <span class='ocr_line' id='line_1_8' title="bbox 269 1589 1632 1704; baseline 0.007 -37"><span class='ocrx_word' id='word_1_50' title='bbox 269 1589 431 1695; x_wconf 89' lang='lat' dir='ltr'>spiralia</span> <span class='ocrx_word' id='word_1_51' title='bbox 449 1590 493 1670; x_wconf 88' lang='lat' dir='ltr'>iu</span> <span class='ocrx_word' id='word_1_52' title='bbox 510 1591 705 1700; x_wconf 79' lang='lat' dir='ltr'>simplicia</span> <span class='ocrx_word' id='word_1_53' title='bbox 724 1610 765 1672; x_wconf 87' lang='lat' dir='ltr'>et</span> <span class='ocrx_word' id='word_1_54' title='bbox 780 1594 1001 1696; x_wconf 82' lang='lat' dir='ltr'>annularis,</span> <span class='ocrx_word' id='word_1_55' title='bbox 1018 1593 1100 1675; x_wconf 82' lang='lat' dir='ltr'>luco</span> <span class='ocrx_word' id='word_1_56' title='bbox 1115 1598 1159 1675; x_wconf 92' lang='lat' dir='ltr'>in</span> <span class='ocrx_word' id='word_1_57' title='bbox 1177 1594 1380 1704; x_wconf 83' lang='lat' dir='ltr'>punctata,</span> <span class='ocrx_word' id='word_1_58' title='bbox 1395 1595 1632 1697; x_wconf 85' lang='lat' dir='ltr'>ramilicata,</span> 
     </span>
     <span class='ocr_line' id='line_1_9' title="bbox 269 1709 1478 1796; baseline 0.009 -8"><span class='ocrx_word' id='word_1_59' title='bbox 269 1709 492 1790; x_wconf 87' lang='lat' dir='ltr'>reticularia</span> <span class='ocrx_word' id='word_1_60' title='bbox 510 1728 551 1792; x_wconf 86' lang='lat' dir='ltr'>et</span> <span class='ocrx_word' id='word_1_61' title='bbox 566 1714 611 1793; x_wconf 91' lang='lat' dir='ltr'>in</span> <span class='ocrx_word' id='word_1_62' title='bbox 631 1713 919 1796; x_wconf 85' lang='lat' dir='ltr'>moniliformia</span> <span class='ocrx_word' id='word_1_63' title='bbox 935 1712 1094 1796; x_wconf 83' lang='lat' dir='ltr'>abeunt.</span> <span class='ocrx_word' id='word_1_64' title='bbox 1474 1729 1478 1734; x_wconf 89' lang='grc'><strong>’</strong></span> 
     </span>
    </p>
   </div>
   <div class='ocr_carea' id='block_1_4' title="bbox 169 1910 1630 4162">
    <p class='ocr_par' dir='ltr' id='par_1_4' title="bbox 169 1910 1630 4162">
     <span class='ocr_line' id='line_1_10' title="bbox 169 1910 1629 2025; baseline 0.004 -34"><span class='ocrx_word' id='word_1_65' title='bbox 169 1910 173 1917; x_wconf 75' lang='grc'><strong>’</strong></span> <span class='ocrx_word' id='word_1_66' title='bbox 251 1913 254 1918; x_wconf 79' lang='grc'><strong>’</strong></span> <span class='ocrx_word' id='word_1_67' title='bbox 320 1912 616 2020; x_wconf 88' lang='lat' dir='ltr'>Simplicissima</span> <span class='ocrx_word' id='word_1_68' title='bbox 638 1944 826 2000; x_wconf 84' lang='lat' dir='ltr'>rasorum</span> <span class='ocrx_word' id='word_1_69' title='bbox 851 1919 1058 2025; x_wconf 88' lang='lat' dir='ltr'>spiralium</span> <span class='ocrx_word' id='word_1_70' title='bbox 1083 1918 1211 1998; x_wconf 85' lang='lat' dir='ltr'>forma</span> <span class='ocrx_word' id='word_1_71' title='bbox 1229 1934 1271 1998; x_wconf 88' lang='lat' dir='ltr'>et</span> <span class='ocrx_word' id='word_1_72' title='bbox 1294 1914 1446 1998; x_wconf 76' lang='lat' dir='ltr'>fabrica</span> <span class='ocrx_word' id='word_1_73' title='bbox 1463 1919 1507 1997; x_wconf 91' lang='lat' dir='ltr'>ln</span> <span class='ocrx_word' id='word_1_74' title='bbox 1526 1919 1629 1998; x_wconf 79' lang='lat' dir='ltr'>vasis</span> 
     </span>
     <span class='ocr_line' id='line_1_11' title="bbox 265 2032 1630 2144; baseline 0.007 -34"><span class='ocrx_word' id='word_1_75' title='bbox 265 2032 479 2138; x_wconf 73' lang='lat' dir='ltr'>spiralibus</span> <span class='ocrx_word' id='word_1_76' title='bbox 498 2035 748 2143; x_wconf 80' lang='lat' dir='ltr'>simplicibus</span> <span class='ocrx_word' id='word_1_77' title='bbox 769 2035 902 2135; x_wconf 87' lang='lat' dir='ltr'>adest,</span> <span class='ocrx_word' id='word_1_78' title='bbox 924 2059 1016 2143; x_wconf 87' lang='lat' dir='ltr'>quse</span> <span class='ocrx_word' id='word_1_79' title='bbox 1037 2062 1122 2115; x_wconf 91' lang='lat' dir='ltr'>non</span> <span class='ocrx_word' id='word_1_80' title='bbox 1149 2039 1227 2116; x_wconf 89' lang='lat' dir='ltr'>nisi</span> <span class='ocrx_word' id='word_1_81' title='bbox 1249 2040 1330 2117; x_wconf 74' lang='lat' dir='ltr'>una</span> <span class='ocrx_word' id='word_1_82' title='bbox 1351 2055 1420 2118; x_wconf 86' lang='lat' dir='ltr'>aut</span> <span class='ocrx_word' id='word_1_83' title='bbox 1442 2037 1630 2144; x_wconf 82' lang='lat' dir='ltr'>pluribus</span> 
     </span>
     <span class='ocr_line' id='line_1_12' title="bbox 266 2152 1625 2261; baseline 0.002 -29"><span class='ocrx_word' id='word_1_84' title='bbox 266 2152 378 2234; x_wconf 91' lang='lat' dir='ltr'>fibris</span> <span class='ocrx_word' id='word_1_85' title='bbox 399 2155 612 2261; x_wconf 76' lang='lat' dir='ltr'>spiralibus</span> <span class='ocrx_word' id='word_1_86' title='bbox 634 2157 833 2260; x_wconf 79' lang='lat' dir='ltr'>contiguis</span> <span class='ocrx_word' id='word_1_87' title='bbox 854 2172 895 2234; x_wconf 87' lang='lat' dir='ltr'>et</span> <span class='ocrx_word' id='word_1_88' title='bbox 917 2158 974 2234; x_wconf 85' lang='lat' dir='ltr'>sic</span> <span class='ocrx_word' id='word_1_89' title='bbox 996 2157 1237 2257; x_wconf 76' lang='lat' dir='ltr'>intertextis,</span> <span class='ocrx_word' id='word_1_90' title='bbox 1254 2167 1303 2236; x_wconf 91' lang='lat' dir='ltr'>ut</span> <span class='ocrx_word' id='word_1_91' title='bbox 1323 2160 1470 2236; x_wconf 79' lang='lat' dir='ltr'>cavitas</span> <span class='ocrx_word' id='word_1_92' title='bbox 1488 2158 1547 2236; x_wconf 92' lang='lat' dir='ltr'>ibi</span> <span class='ocrx_word' id='word_1_93' title='bbox 1567 2157 1625 2236; x_wconf 85' lang='lat' dir='ltr'>ei·</span> 
     </span>
     <span class='ocr_line' id='line_1_13' title="bbox 268 2267 1627 2381; baseline 0.006 -31"><span class='ocrx_word' id='word_1_94' title='bbox 268 2271 437 2368; x_wconf 81' lang='lat' dir='ltr'>formata</span> <span class='ocrx_word' id='word_1_95' title='bbox 452 2276 504 2352; x_wconf 88' lang='lat' dir='ltr'>sit</span> <span class='ocrx_word' id='word_1_96' title='bbox 518 2273 708 2373; x_wconf 87' lang='lat' dir='ltr'>rotunda,</span> <span class='ocrx_word' id='word_1_97' title='bbox 721 2267 1024 2370; x_wconf 72' lang='lat' dir='ltr'>construuntur,</span> <span class='ocrx_word' id='word_1_98' title='bbox 1040 2275 1186 2381; x_wconf 80' lang='lat' dir='ltr'>plantae</span> <span class='ocrx_word' id='word_1_99' title='bbox 1200 2274 1411 2354; x_wconf 83' lang='lat' dir='ltr'>inferiores</span> <span class='ocrx_word' id='word_1_100' title='bbox 1423 2276 1522 2357; x_wconf 89' lang='lat' dir='ltr'>dum</span> <span class='ocrx_word' id='word_1_101' title='bbox 1534 2303 1627 2359; x_wconf 85' lang='lat' dir='ltr'>vasa</span> 
     </span>
     <span class='ocr_line' id='line_1_14' title="bbox 267 2391 1626 2499; baseline 0.006 -31"><span class='ocrx_word' id='word_1_102' title='bbox 267 2392 426 2496; x_wconf 87' lang='lat' dir='ltr'>spiralia</span> <span class='ocrx_word' id='word_1_103' title='bbox 443 2391 612 2496; x_wconf 85' lang='lat' dir='ltr'>babent,</span> <span class='ocrx_word' id='word_1_104' title='bbox 629 2395 678 2472; x_wconf 87' lang='lat' dir='ltr'>iis</span> <span class='ocrx_word' id='word_1_105' title='bbox 697 2392 978 2474; x_wconf 81' lang='lat' dir='ltr'>tantummodo</span> <span class='ocrx_word' id='word_1_106' title='bbox 995 2393 1180 2499; x_wconf 74' lang='lat' dir='ltr'>gaudent</span> <span class='ocrx_word' id='word_1_107' title='bbox 1198 2393 1417 2474; x_wconf 85' lang='lat' dir='ltr'>Annularia</span> <span class='ocrx_word' id='word_1_108' title='bbox 1434 2412 1567 2476; x_wconf 87' lang='lat' dir='ltr'>autem</span> <span class='ocrx_word' id='word_1_109' title='bbox 1585 2395 1626 2476; x_wconf 85' lang='lat' dir='ltr'>fi·</span> 
     </span>
     <span class='ocr_line' id='line_1_15' title="bbox 266 2509 1623 2620; baseline 0.004 -30"><span class='ocrx_word' id='word_1_110' title='bbox 266 2509 352 2590; x_wconf 89' lang='lat' dir='ltr'>bris</span> <span class='ocrx_word' id='word_1_111' title='bbox 370 2513 631 2594; x_wconf 76' lang='lat' dir='ltr'>annularibus</span> <span class='ocrx_word' id='word_1_112' title='bbox 659 2512 946 2615; x_wconf 84' lang='lat' dir='ltr'>effonnantur,</span> <span class='ocrx_word' id='word_1_113' title='bbox 963 2515 987 2592; x_wconf 93' lang='lat' dir='ltr'>i.</span> <span class='ocrx_word' id='word_1_114' title='bbox 1007 2541 1041 2592; x_wconf 90' lang='lat' dir='ltr'>e.</span> <span class='ocrx_word' id='word_1_115' title='bbox 1066 2512 1179 2592; x_wconf 89' lang='lat' dir='ltr'>fibris</span> <span class='ocrx_word' id='word_1_116' title='bbox 1202 2515 1246 2590; x_wconf 89' lang='lat' dir='ltr'>in</span> <span class='ocrx_word' id='word_1_117' title='bbox 1267 2513 1463 2593; x_wconf 89' lang='lat' dir='ltr'>annulum</span> <span class='ocrx_word' id='word_1_118' title='bbox 1485 2515 1623 2620; x_wconf 82' lang='lat' dir='ltr'>agglu-</span> 
     </span>
     <span class='ocr_line' id='line_1_16' title="bbox 266 2630 1623 2739; baseline 0.004 -31"><span class='ocrx_word' id='word_1_119' title='bbox 266 2632 417 2730; x_wconf 91' lang='lat' dir='ltr'>tinatis,</span> <span class='ocrx_word' id='word_1_120' title='bbox 435 2632 601 2737; x_wconf 84' lang='lat' dir='ltr'>paribus</span> <span class='ocrx_word' id='word_1_121' title='bbox 621 2631 839 2712; x_wconf 84' lang='lat' dir='ltr'>intervallis</span> <span class='ocrx_word' id='word_1_122' title='bbox 857 2658 978 2738; x_wconf 90' lang='lat' dir='ltr'>supra</span> <span class='ocrx_word' id='word_1_123' title='bbox 999 2631 1145 2710; x_wconf 85' lang='lat' dir='ltr'>lineam</span> <span class='ocrx_word' id='word_1_124' title='bbox 1164 2630 1536 2739; x_wconf 76' lang='lat' dir='ltr'>perpendicularem</span> <span class='ocrx_word' id='word_1_125' title='bbox 1559 2636 1623 2713; x_wconf 89' lang='lat' dir='ltr'>in·</span> 
     </span>
     <span class='ocr_line' id='line_1_17' title="bbox 265 2749 1623 2860; baseline 0.007 -34"><span class='ocrx_word' id='word_1_126' title='bbox 265 2765 327 2828; x_wconf 87' lang='lat' dir='ltr'>ter</span> <span class='ocrx_word' id='word_1_127' title='bbox 355 2749 516 2832; x_wconf 86' lang='lat' dir='ltr'>ordines</span> <span class='ocrx_word' id='word_1_128' title='bbox 544 2752 779 2832; x_wconf 88' lang='lat' dir='ltr'>cellularum</span> <span class='ocrx_word' id='word_1_129' title='bbox 808 2750 1040 2860; x_wconf 83' lang='lat' dir='ltr'>dispositis,</span> <span class='ocrx_word' id='word_1_130' title='bbox 1071 2753 1128 2831; x_wconf 91' lang='lat' dir='ltr'>sic</span> <span class='ocrx_word' id='word_1_131' title='bbox 1160 2770 1208 2832; x_wconf 90' lang='lat' dir='ltr'>ut</span> <span class='ocrx_word' id='word_1_132' title='bbox 1242 2754 1392 2859; x_wconf 84' lang='lat' dir='ltr'>pariter</span> <span class='ocrx_word' id='word_1_133' title='bbox 1419 2772 1623 2836; x_wconf 84' lang='lat' dir='ltr'>remaneat</span> 
     </span>
     <span class='ocr_line' id='line_1_18' title="bbox 267 2861 1621 2968; baseline -0.002 -22"><span class='ocrx_word' id='word_1_134' title='bbox 267 2863 411 2946; x_wconf 85' lang='lat' dir='ltr'>ductus</span> <span class='ocrx_word' id='word_1_135' title='bbox 430 2861 682 2968; x_wconf 83' lang='lat' dir='ltr'>cylindricus.</span> <span class='ocrx_word' id='word_1_136' title='bbox 705 2875 915 2962; x_wconf 62' lang='lat' dir='ltr'>Originum</span> <span class='ocrx_word' id='word_1_137' title='bbox 934 2872 1031 2938; x_wconf 64' lang='lat' dir='ltr'>daus</span> <span class='ocrx_word' id='word_1_138' title='bbox 1045 2900 1137 2938; x_wconf 70' lang='lat' dir='ltr'>vas.</span> <span class='ocrx_word' id='word_1_139' title='bbox 1152 2873 1347 2964; x_wconf 72' lang='lat' dir='ltr'>simplicia</span> <span class='ocrx_word' id='word_1_140' title='bbox 1363 2891 1404 2941; x_wconf 82' lang='lat' dir='ltr'>er</span> <span class='ocrx_word' id='word_1_141' title='bbox 1411 2869 1621 2950; x_wconf 73' lang='lat' dir='ltr'>annularis</span> 
     </span>
     <span class='ocr_line' id='line_1_19' title="bbox 266 2975 1623 3090; baseline -0.01 -25"><span class='ocrx_word' id='word_1_142' title='bbox 266 2988 369 3066; x_wconf 82' lang='lat' dir='ltr'>vasis</span> <span class='ocrx_word' id='word_1_143' title='bbox 381 2981 595 3090; x_wconf 86' lang='lat' dir='ltr'>punctatis,</span> <span class='ocrx_word' id='word_1_144' title='bbox 604 2976 845 3076; x_wconf 82' lang='lat' dir='ltr'>murificatis,</span> <span class='ocrx_word' id='word_1_145' title='bbox 859 2991 899 3056; x_wconf 87' lang='lat' dir='ltr'>et</span> <span class='ocrx_word' id='word_1_146' title='bbox 911 2975 1208 3074; x_wconf 84' lang='lat' dir='ltr'>reticularibus,</span> <span class='ocrx_word' id='word_1_147' title='bbox 1224 2977 1390 3086; x_wconf 87' lang='lat' dir='ltr'>solaque</span> <span class='ocrx_word' id='word_1_148' title='bbox 1404 3006 1531 3090; x_wconf 82' lang='lat' dir='ltr'>prope</span> <span class='ocrx_word' id='word_1_149' title='bbox 1544 3014 1623 3066; x_wconf 73' lang='lat' dir='ltr'>me.</span> 
     </span>
     <span class='ocr_line' id='line_1_20' title="bbox 267 3081 1619 3204; baseline 0.002 -20"><span class='ocrx_word' id='word_1_150' title='bbox 267 3081 418 3184; x_wconf 81' lang='lat' dir='ltr'>dullum</span> <span class='ocrx_word' id='word_1_151' title='bbox 437 3103 481 3180; x_wconf 93' lang='lat' dir='ltr'>in</span> <span class='ocrx_word' id='word_1_152' title='bbox 499 3097 693 3179; x_wconf 85' lang='lat' dir='ltr'>fasciculis</span> <span class='ocrx_word' id='word_1_153' title='bbox 712 3119 898 3175; x_wconf 86' lang='lat' dir='ltr'>rasorum</span> <span class='ocrx_word' id='word_1_154' title='bbox 916 3095 990 3174; x_wconf 86' lang='lat' dir='ltr'>sita</span> <span class='ocrx_word' id='word_1_155' title='bbox 1005 3111 1109 3174; x_wconf 84' lang='lat' dir='ltr'>sunt</span> <span class='ocrx_word' id='word_1_156' title='bbox 1125 3093 1314 3174; x_wconf 77' lang='lat' dir='ltr'>Trachere</span> <span class='ocrx_word' id='word_1_157' title='bbox 1326 3116 1524 3204; x_wconf 84' lang='lat' dir='ltr'>punctatae</span> <span class='ocrx_word' id='word_1_158' title='bbox 1538 3105 1619 3188; x_wconf 84' lang='lat' dir='ltr'>for·</span> 
     </span>
     <span class='ocr_line' id='line_1_21' title="bbox 266 3211 1618 3326; baseline -0.009 -24"><span class='ocrx_word' id='word_1_159' title='bbox 266 3237 429 3306; x_wconf 87' lang='lat' dir='ltr'>mantur</span> <span class='ocrx_word' id='word_1_160' title='bbox 451 3221 531 3300; x_wconf 76' lang='lat' dir='ltr'>und</span> <span class='ocrx_word' id='word_1_161' title='bbox 555 3233 625 3296; x_wconf 91' lang='lat' dir='ltr'>aut</span> <span class='ocrx_word' id='word_1_162' title='bbox 644 3213 830 3323; x_wconf 89' lang='lat' dir='ltr'>pluribus</span> <span class='ocrx_word' id='word_1_163' title='bbox 851 3211 963 3294; x_wconf 84' lang='lat' dir='ltr'>fibris</span> <span class='ocrx_word' id='word_1_164' title='bbox 982 3212 1167 3295; x_wconf 88' lang='lat' dir='ltr'>rotundis</span> <span class='ocrx_word' id='word_1_165' title='bbox 1185 3230 1254 3292; x_wconf 86' lang='lat' dir='ltr'>aut</span> <span class='ocrx_word' id='word_1_166' title='bbox 1272 3213 1414 3295; x_wconf 81' lang='lat' dir='ltr'>leviter</span> <span class='ocrx_word' id='word_1_167' title='bbox 1431 3224 1618 3326; x_wconf 68' lang='lat' dir='ltr'>appiana.</span> 
     </span>
     <span class='ocr_line' id='line_1_22' title="bbox 266 3331 1619 3448; baseline 0.001 -26"><span class='ocrx_word' id='word_1_168' title='bbox 266 3345 335 3440; x_wconf 83' lang='lat' dir='ltr'>ris,</span> <span class='ocrx_word' id='word_1_169' title='bbox 353 3367 442 3448; x_wconf 82' lang='lat' dir='ltr'>quae</span> <span class='ocrx_word' id='word_1_170' title='bbox 466 3340 564 3419; x_wconf 92' lang='lat' dir='ltr'>dum</span> <span class='ocrx_word' id='word_1_171' title='bbox 588 3363 672 3416; x_wconf 87' lang='lat' dir='ltr'>sese</span> <span class='ocrx_word' id='word_1_172' title='bbox 693 3333 939 3414; x_wconf 85' lang='lat' dir='ltr'>convolvunt</span> <span class='ocrx_word' id='word_1_173' title='bbox 959 3331 1085 3413; x_wconf 92' lang='lat' dir='ltr'>modo</span> <span class='ocrx_word' id='word_1_174' title='bbox 1106 3331 1354 3412; x_wconf 73' lang='lat' dir='ltr'>muchearum</span> <span class='ocrx_word' id='word_1_175' title='bbox 1377 3337 1619 3442; x_wconf 81' lang='lat' dir='ltr'>simplicium</span> 
     </span>
     <span class='ocr_line' id='line_1_23' title="bbox 267 3451 1619 3564; baseline -0.013 -24"><span class='ocrx_word' id='word_1_176' title='bbox 267 3463 373 3542; x_wconf 90' lang='lat' dir='ltr'>circa</span> <span class='ocrx_word' id='word_1_177' title='bbox 391 3459 562 3564; x_wconf 86' lang='lat' dir='ltr'>spatium</span> <span class='ocrx_word' id='word_1_178' title='bbox 587 3453 828 3556; x_wconf 75' lang='lat' dir='ltr'>rottrodum,</span> <span class='ocrx_word' id='word_1_179' title='bbox 849 3468 918 3532; x_wconf 91' lang='lat' dir='ltr'>aut</span> <span class='ocrx_word' id='word_1_180' title='bbox 940 3451 1037 3532; x_wconf 87' lang='lat' dir='ltr'>dum</span> <span class='ocrx_word' id='word_1_181' title='bbox 1058 3479 1145 3532; x_wconf 88' lang='lat' dir='ltr'>sese</span> <span class='ocrx_word' id='word_1_182' title='bbox 1171 3453 1215 3531; x_wconf 90' lang='lat' dir='ltr'>in</span> <span class='ocrx_word' id='word_1_183' title='bbox 1245 3453 1415 3533; x_wconf 88' lang='lat' dir='ltr'>annulos</span> <span class='ocrx_word' id='word_1_184' title='bbox 1448 3457 1619 3561; x_wconf 80' lang='lat' dir='ltr'>aggluti.</span> 
     </span>
     <span class='ocr_line' id='line_1_24' title="bbox 265 3567 1618 3684; baseline 0.001 -26"><span class='ocrx_word' id='word_1_185' title='bbox 265 3596 384 3676; x_wconf 87' lang='lat' dir='ltr'>nant,</span> <span class='ocrx_word' id='word_1_186' title='bbox 409 3567 515 3657; x_wconf 84' lang='lat' dir='ltr'>inter</span> <span class='ocrx_word' id='word_1_187' title='bbox 537 3579 662 3682; x_wconf 87' lang='lat' dir='ltr'>spiras</span> <span class='ocrx_word' id='word_1_188' title='bbox 684 3574 891 3652; x_wconf 86' lang='lat' dir='ltr'>interstitia</span> <span class='ocrx_word' id='word_1_189' title='bbox 917 3573 1152 3681; x_wconf 86' lang='lat' dir='ltr'>relinquunt</span> <span class='ocrx_word' id='word_1_190' title='bbox 1171 3571 1263 3680; x_wconf 88' lang='lat' dir='ltr'>plus</span> <span class='ocrx_word' id='word_1_191' title='bbox 1284 3574 1466 3656; x_wconf 85' lang='lat' dir='ltr'>minusve</span> <span class='ocrx_word' id='word_1_192' title='bbox 1491 3578 1618 3684; x_wconf 81' lang='lat' dir='ltr'>larga,</span> 
     </span>
     <span class='ocr_line' id='line_1_25' title="bbox 265 3691 1617 3807; baseline -0.005 -29"><span class='ocrx_word' id='word_1_193' title='bbox 265 3699 418 3807; x_wconf 84' lang='lat' dir='ltr'>repleta</span> <span class='ocrx_word' id='word_1_194' title='bbox 438 3696 668 3776; x_wconf 80' lang='lat' dir='ltr'>membrana</span> <span class='ocrx_word' id='word_1_195' title='bbox 684 3693 776 3798; x_wconf 89' lang='lat' dir='ltr'>plus</span> <span class='ocrx_word' id='word_1_196' title='bbox 798 3695 980 3771; x_wconf 82' lang='lat' dir='ltr'>minusve</span> <span class='ocrx_word' id='word_1_197' title='bbox 1001 3691 1122 3771; x_wconf 68' lang='lat' dir='ltr'>densi</span> <span class='ocrx_word' id='word_1_198' title='bbox 1144 3709 1186 3770; x_wconf 86' lang='lat' dir='ltr'>et</span> <span class='ocrx_word' id='word_1_199' title='bbox 1208 3691 1432 3798; x_wconf 80' lang='lat' dir='ltr'>pellucidl,</span> <span class='ocrx_word' id='word_1_200' title='bbox 1455 3698 1617 3803; x_wconf 65' lang='lat' dir='ltr'>praedita</span> 
     </span>
     <span class='ocr_line' id='line_1_26' title="bbox 267 3808 1616 3928; baseline 0.001 -32"><span class='ocrx_word' id='word_1_201' title='bbox 267 3816 469 3928; x_wconf 89' lang='lat' dir='ltr'>punctulis</span> <span class='ocrx_word' id='word_1_202' title='bbox 486 3813 689 3921; x_wconf 88' lang='lat' dir='ltr'>ellipticis,</span> <span class='ocrx_word' id='word_1_203' title='bbox 706 3809 828 3890; x_wconf 92' lang='lat' dir='ltr'>modo</span> <span class='ocrx_word' id='word_1_204' title='bbox 849 3811 1005 3918; x_wconf 89' lang='lat' dir='ltr'>opacis,</span> <span class='ocrx_word' id='word_1_205' title='bbox 1022 3810 1146 3890; x_wconf 92' lang='lat' dir='ltr'>modo</span> <span class='ocrx_word' id='word_1_206' title='bbox 1163 3808 1373 3917; x_wconf 86' lang='lat' dir='ltr'>perforatis</span> <span class='ocrx_word' id='word_1_207' title='bbox 1389 3831 1430 3892; x_wconf 83' lang='lat' dir='ltr'>et</span> <span class='ocrx_word' id='word_1_208' title='bbox 1450 3815 1616 3922; x_wconf 80' lang='lat' dir='ltr'>pelluci-</span> 
     </span>
     <span class='ocr_line' id='line_1_27' title="bbox 267 3927 1614 4038; baseline -0.01 -21"><span class='ocrx_word' id='word_1_209' title='bbox 267 3937 339 4020; x_wconf 88' lang='lat' dir='ltr'>dis.</span> <span class='ocrx_word' id='word_1_210' title='bbox 361 3937 409 4016; x_wconf 90' lang='lat' dir='ltr'>In</span> <span class='ocrx_word' id='word_1_211' title='bbox 431 3934 495 4012; x_wconf 90' lang='lat' dir='ltr'>his</span> <span class='ocrx_word' id='word_1_212' title='bbox 517 3931 685 4012; x_wconf 76' lang='lat' dir='ltr'>nachcis</span> <span class='ocrx_word' id='word_1_213' title='bbox 708 3931 824 4037; x_wconf 84' lang='lat' dir='ltr'>spirae</span> <span class='ocrx_word' id='word_1_214' title='bbox 842 3927 951 4008; x_wconf 79' lang='lat' dir='ltr'>fibra</span> <span class='ocrx_word' id='word_1_215' title='bbox 970 3930 1126 4035; x_wconf 86' lang='lat' dir='ltr'>spiralis</span> <span class='ocrx_word' id='word_1_216' title='bbox 1147 3955 1357 4038; x_wconf 88' lang='lat' dir='ltr'>nunquam</span> <span class='ocrx_word' id='word_1_217' title='bbox 1374 3951 1471 4025; x_wconf 82' lang='lat' dir='ltr'>sunt</span> <span class='ocrx_word' id='word_1_218' title='bbox 1487 3941 1614 4018; x_wconf 86' lang='lat' dir='ltr'>conti.</span> 
     </span>
     <span class='ocr_line' id='line_1_28' title="bbox 267 4049 1090 4162; baseline -0.011 -27"><span class='ocrx_word' id='word_1_219' title='bbox 267 4083 373 4162; x_wconf 76' lang='lat' dir='ltr'>grta,</span> <span class='ocrx_word' id='word_1_220' title='bbox 388 4051 461 4136; x_wconf 87' lang='lat' dir='ltr'>sed</span> <span class='ocrx_word' id='word_1_221' title='bbox 483 4079 640 4159; x_wconf 86' lang='lat' dir='ltr'>semper</span> <span class='ocrx_word' id='word_1_222' title='bbox 659 4049 710 4129; x_wconf 88' lang='lat' dir='ltr'>ab</span> <span class='ocrx_word' id='word_1_223' title='bbox 728 4049 900 4130; x_wconf 85' lang='lat' dir='ltr'>invicem</span> <span class='ocrx_word' id='word_1_224' title='bbox 917 4065 1090 4128; x_wconf 76' lang='lat' dir='ltr'>remotae.</span> 
     </span>
    </p>
   </div>
   <div class='ocr_carea' id='block_1_5' title="bbox 270 4247 1614 4504">
    <p class='ocr_par' dir='ltr' id='par_1_5' title="bbox 270 4247 1614 4504">
     <span class='ocr_line' id='line_1_29' title="bbox 320 4247 1614 4364; baseline 0.005 -32"><span class='ocrx_word' id='word_1_225' title='bbox 320 4250 507 4332; x_wconf 78' lang='lat' dir='ltr'>Tracheae</span> <span class='ocrx_word' id='word_1_226' title='bbox 519 4249 741 4330; x_wconf 83' lang='lat' dir='ltr'>ramificatac</span> <span class='ocrx_word' id='word_1_227' title='bbox 760 4266 801 4330; x_wconf 88' lang='lat' dir='ltr'>et</span> <span class='ocrx_word' id='word_1_228' title='bbox 817 4249 1043 4331; x_wconf 84' lang='lat' dir='ltr'>reticulares</span> <span class='ocrx_word' id='word_1_229' title='bbox 1060 4247 1323 4332; x_wconf 84' lang='lat' dir='ltr'>ell&#39;ormantur</span> <span class='ocrx_word' id='word_1_230' title='bbox 1339 4254 1420 4336; x_wconf 74' lang='lat' dir='ltr'>und</span> <span class='ocrx_word' id='word_1_231' title='bbox 1437 4274 1506 4336; x_wconf 90' lang='lat' dir='ltr'>aut</span> <span class='ocrx_word' id='word_1_232' title='bbox 1522 4256 1614 4364; x_wconf 88' lang='lat' dir='ltr'>pla-</span> 
     </span>
     <span class='ocr_line' id='line_1_30' title="bbox 270 4367 1611 4504; baseline 0.002 -48"><span class='ocrx_word' id='word_1_233' title='bbox 270 4371 383 4456; x_wconf 81' lang='lat' dir='ltr'>ribus</span> <span class='ocrx_word' id='word_1_234' title='bbox 400 4369 513 4452; x_wconf 81' lang='lat' dir='ltr'>fibris</span> <span class='ocrx_word' id='word_1_235' title='bbox 528 4367 755 4475; x_wconf 87' lang='lat' dir='ltr'>spiralibus,</span> <span class='ocrx_word' id='word_1_236' title='bbox 771 4395 942 4479; x_wconf 84' lang='lat' dir='ltr'>quarum</span> <span class='ocrx_word' id='word_1_237' title='bbox 954 4372 1070 4478; x_wconf 85' lang='lat' dir='ltr'>spirae</span> <span class='ocrx_word' id='word_1_238' title='bbox 1082 4374 1279 4504; x_wconf 72' lang='lat' dir='ltr'>contigua</span> <span class='ocrx_word' id='word_1_239' title='bbox 1291 4375 1335 4454; x_wconf 90' lang='lat' dir='ltr'>in</span> <span class='ocrx_word' id='word_1_240' title='bbox 1344 4373 1480 4482; x_wconf 81' lang='lat' dir='ltr'>juveni</span> <span class='ocrx_word' id='word_1_241' title='bbox 1497 4377 1611 4484; x_wconf 89' lang='lat' dir='ltr'>plan·</span> 
     </span>
    </p>
   </div>
   <div class='ocr_carea' id='block_1_6' title="bbox 0 0 2267 5860">
    <p class='ocr_par' dir='ltr' id='par_1_6' title="bbox 0 0 2267 5860">
     <span class='ocr_line' id='line_1_31' title="bbox 0 0 2267 5860; baseline 0 0"><span class='ocrx_word' id='word_1_242' title='bbox 0 0 2267 5860; x_wconf 95' lang='lat' dir='ltr'> </span> 
     </span>
    </p>
   </div>
  </div>
 </body>
</html>
