4517 5867
627 636 871 709 RESPONSIO
896 638 960 707 an
985 630 1156 724 Qunsn
1171 637 1315 707 runo.
1599 637 1648 711 ss

290 840 366 945 ipsi
387 835 560 941 amplius
576 834 651 914 sed
669 834 770 937 mihi
789 834 892 913 velle
910 831 1129 940 possidere,
1144 838 1242 944 qnia
1258 834 1335 915 hoc
1356 838 1400 915 in
1415 862 1510 917 casu
1521 853 1646 919 trans-

288 960 398 1037 misit
415 958 515 1036 mihi
530 959 701 1038 loannes
715 954 942 1035 facultatem
963 955 1268 1060 praescribendi,
1288 984 1410 1067 quam
1428 961 1513 1065 ipse
1524 958 1646 1042 habe-v

288 1080 368 1160 bet.
383 1080 425 1159 Si
438 1096 570 1161 tamen
583 1082 709 1188 possit
721 1082 860 1157 Petrus
873 1076 1060 1183 probare,
1071 1104 1137 1157 me
1146 1080 1287 1157 emisse
1297 1084 1647 1183 conscium,loan-

291 1226 386 1281 nem
412 1229 497 1305 non
523 1228 606 1281 esse
634 1201 845 1280 dominum
870 1197 1007 1297 standi,
1032 1215 1147 1304 putat
1168 1202 1535 1307 Dntvrucounr(1)‚
1555 1203 1647 1309 p'os·

287 1325 504 1405 sessionem
528 1350 611 1401 non
630 1348 714 1399 esse
737 1323 1019 1418 interversam,
1037 1337 1079 1398 et
1100 1319 1273 1428 proinde
1300 1346 1365 1397 me
1392 1322 1648 1428 praescribere

286 1470 370 1521 non
392 1448 529 1551 posse,
549 1445 595 1520 ed
607 1444 763 1521 ratione
784 1442 899 1552 quod
923 1440 1085 1521 evidens
1108 1444 1179 1540 sit,
1199 1443 1396 1522 loannem
1416 1441 1649 1523 habendum

286 1591 370 1645 esse
387 1564 476 1643 loco
499 1552 778 1660 instrumenti,
801 1592 886 1673 quo
917 1559 1124 1643 mediante·
1139 1562 1300 1643 viderer
1314 1563 1426 1641 mihi
1450 1567 1536 1675 ipse
1557 1580 1647 1647 mn·

284 1702 387 1766 tasse
405 1686 570 1766 titulum
588 1712 687 1764 meae
703 1686 967 1788 detentionis,
987 1687 1068 1795 qud
1088 1684 1140 1764 de
1159 1686 1274 1765 coust
1295 1703 1399 1764 esset
1419 1675 1532 1766 casus
1552 1693 1647 1768 arti·
1779 1704 1785 1719 '

285 1808 364 1886 culi
386 1807 500 1904 2240.
521 1810 800 1887 intervertitur
819 1810 939 1887 etiam
958 1809 1154 1914 possessio
1175 1833 1249 1914 per
1268 1807 1645 1910 contradictionem,

285 1955 405 2039 quam
435 1928 516 2037 juri
531 1931 801 2038 proprietarii
836 1945 1114 2036 opposuerunt
1142 1960 1162 2001 α
1186 1954 1260 2034 par
1279 1928 1325 2007 -la
1353 1932 1646 2013 contradiction

285 2051 401 2158 qu’ils
420 2070 492 2130 ont
510 2052 685 2159 opposee
712 2078 763 2127 au
786 2049 898 2127 droit
915 2050 972 2127 du
994 2048 1258 2155 proprietaire
1278 2082 1299 2123 a
1321 2066 1392 2127 art.
1412 2050 1533 2153 2238,
1550 2070 1597 2132 ut
1612 2055 1645 2133 si
1722 2153 1724 2156 Ι

285 2172 454 2249 colonus
472 2170 536 2249 vel
557 2169 747 2249 dominus
767 2169 984 2257 locatorem
1005 2168 1069 2247 vel
1089 2195 1202 2267 eum,
1219 2172 1284 2247 cui
1303 2169 1456 2250 locator
1474 2172 1646 2253 fundum

285 2289 542 2392 vendiderat,
562 2318 655 2370 cum
674 2292 709 2369 is
730 2292 773 2368 in
794 2288 1087 2395 possessionem
1107 2289 1250 2367 missus
1267 2307 1391 2390 esset,
1410 2318 1495 2369 non
1516 2294 1644 2373 admi-

285 2414 396 2509 serit,
414 2413 478 2493 vel
497 2408 654 2517 ingredi
675 2408 878 2489 volentem
900 2409 1171 2516 prohibuerit,
1187 2437 1272 2488 nou
1292 2410 1462 2518 amplius
1483 2414 1527 2490 iu
1544 2440 1644 2523 qua-

286 2534 395 2613 litate
415 2534 549 2613 coloni
568 2530 637 2636 sed
659 2548 863 2641 tamquam
878 2531 1066 2611 dominus
1087 2529 1328 2637 possidebit,
1346 2533 1441 2639 quia
1459 2532 1644 2615 locatoris

286 2657 481 2761 possessio
503 2656 721 2733 interversa
741 2669 825 2750 est3
844 2652 1048 2761 similique
1070 2650 1193 2731 modo
1207 2653 1241 2730 si
1259 2653 1302 2729 in
1317 2651 1383 2757 jus
1402 2670 1580 2753 vocatus,
1598 2674 1645 2735 ut

282 2775 487 2855 mercedes
507 2775 656 2875 solvat,
673 2791 792 2879 neget
810 2802 852 2854 se
875 2802 942 2855 eas
959 2772 1125 2867 debere,
1138 2776 1236 2871 quia
1249 2772 1459 2853 contendit
1470 2774 1644 2857 fundum

283 2894 335 2974 ad
357 2924 399 2975 se
417 2897 634 3001 pertinere,
653 2895 929 2973 intervertitur
952 2884 1141 2963 locatoris
1161 2882 1373 2988 possessio,
1391 2884 1424 2962 si
1439 2884 1505 2992 jus
1522 2917 1643 2973 sunm

184 3004 188 3010 ’
280 3040 365 3092 non
395 3023 688 3119 persequatur,
715 2998 789 3085 nec
819 3022 951 3113 potest
982 3004 1060 3085 dici
1084 3003 1307 3085 conductor
1330 3004 1409 3084 sibi
1438 3008 1523 3116 ipse
1550 3042 1641 3095 mu.
1680 3103 1682 3105 q

279 3152 382 3215 tasse
406 3132 571 3213 titulum
597 3154 680 3209 suae
710 3124 971 3226 detentionis,
999 3152 1094 3203 nam
1123 3124 1276 3205 locator
1303 3128 1479 3235 per-hoc
1507 3136 1641 3219 solum

280 3254 394 3366 quod
418 3254 482 3362 jus
501 3279 619 3331 suum
641 3276 726 3329 non
746 3246 868 3329 fuerit
885 3266 1118 3355 persecutus
1136 3267 1322 3329 censetur
1338 3251 1473 3358 ipsum
1490 3258 1638 3337 auxilio

278 3377 446 3485 juvisse,
475 3376 571 3485 quia
598 3376 656 3469 is,
685 3373 756 3481 qui
785 3396 868 3451 non
892 3368 1100 3477 prohibet,
1129 3398 1223 3451 cum
1245 3372 1462 3478 prohibere
1492 3381 1636 3483 possit,

279 3499 505 3580 consentire
531 3493 701 3575 videtur.

330 3749 426 3843 Non
453 3748 556 3827 nihil
584 3766 717 3829 tamen
741 3748 927 3848 interest,
956 3762 1094 3825 utrum
1120 3747 1319 3853 possessio
1350 3746 1637 3853 intervertatur

280 3873 394 3950 causi
417 3872 612 3971 extranei,
639 3896 690 3948 an
714 3892 812 3948 vero
840 3865 1176 3962 contradictione,
1198 3892 1324 3975 quam
1347 3865 1429 3974 juri
1453 3876 1636 3980 proprie.

277 3983 366 4073 tarii
387 4010 620 4102 opponunt;
651 4016 746 4071 nam
771 3990 849 4068 hoc
876 3990 920 4067 in
943 4014 1036 4068 casu
1053 4015 1147 4067 curn
1169 3988 1224 4086 is,
1244 3991 1317 4098 qui
1344 3994 1635 4097 possessionem

279 4118 521 4211 intervertit,
547 4116 767 4195 necessario
793 4115 845 4190 sit
862 4111 964 4189 muli
984 4110 1084 4208 fide,
1105 4136 1189 4190 non
1211 4113 1362 4218 poterit
1381 4116 1635 4231 prescribere

279 4238 355 4316 nisi
370 4226 442 4343 p'er
463 4234 516 4315 30
534 4258 681 4332 annos,
696 4250 737 4315 at
752 4258 850 4315 vero
865 4233 899 4314 si
913 4232 1028 4314 causi
1047 4233 1223 4314 extranei
1240 4234 1524 4317 intervertatur
1537 4261 1630 4343 pos-

323 4484 372 4573 (ι)
393 4487 486 4561 rom.
503 4489 546 4567 11,
562 4509 593 4575 p.
608 4484 629 4552 8
648 4504 695 4573 sq.
