4517 5867
621 609 667 680 26
762 599 763 602 ¹
928 657 956 676 .-
979 661 984 674 .
1037 605 1197 676 FRANC.
1223 604 1313 675 stc.
1336 603 1635 676 scuotttuur

620 790 713 870 Haec
735 805 878 868 tamen
911 783 1077 864 traditio
1104 785 1278 864 clavium
1308 800 1357 863 ut
1383 783 1493 864 hunc
1522 783 1669 863 habeat
1689 782 1900 891 effecturi,
1932 791 2003 872 fiet

623 927 785 1021 oportet
798 915 859 1016 (ut
872 922 979 1014 patet
997 935 1046 986 ex
1063 909 1106 986 L.
1127 906 1185 1015 74
1203 904 1243 984 ll
1260 905 1312 986 de
1332 905 1606 985 contrahenda
1624 909 1815 1015 empt.)·in
1834 939 1877 992 re
1895 941 2001 1022 prae-

623 1037 748 1128 senti;
773 1030 923 1109 dicitur
944 1029 1119 1108 enimin
1137 1027 1175 1106 d.
1195 1031 1238 1107 L
1262 1027 1314 1138 74
1331 1032 1386 1110 :si
1406 1029 1538 1127 clares
1554 1028 1662 1136 apud
1681 1027 1826 1110 horrea
1846 1037 2005 1114 traditae

620 1157 709 1236 siut.
728 1146 855 1232 Aliud
874 1149 1106 1260 exemplum
1125 1151 1460 1260 apprehensionis
1479 1151 1811 1260 symbolicam,
1836 1157 2002 1266 quando

625 1278 781 1360 donans
809 1274 934 1356 tradit
960 1273 1174 1354 donatario
1200 1278 1467 1357 iustrumenta
1490 1275 1726 1356 donationis
1750 1276 1884 1376 factae,
1908 1306 2003 1358 nam

623 1401 702 1484 hoc
720 1403 810 1510 ipso
829 1427 893 1478 res
910 1397 1058 1478 donata
1076 1415 1119 1476 et
1133 1397 1279 1478 tradita
1291 1400 1454 1481 ridetur
1472 1402 1515 1478 L.
1542 1427 1578 1496 1,
1598 1398 1641 1479 C.
1661 1397 1821 1479 deden.
1840 1403 1934 1483 Haec
1946 1421 2003 1507 tas

623 1551 718 1606 men
739 1525 876 1603 omnia
898 1520 1008 1600 civili
1033 1522 1189 1600 ratione
1211 1525 1346 1629 potius
1366 1551 1490 1634 quam
1513 1519 1686 1607 naturali
1711 1541 1871 1631 recepta
1892 1543 2004 1604 sunt

622 1648 729 1726 Hinc
749 1673 835 1725 non
850 1645 1022 1744 mirum,
1041 1645 1155 1755 quod
1175 1673 1225 1724 ex
1245 1647 1287 1727 L.
1310 1645 1356 1750 3,
1376 1655 1402 1749 §
1424 1675 1449 1724 2
1466 1643 1507 1722 ff.
1523 1644 1561 1721 h.
1581 1661 1609 1721 t
1628 1643 1735 1723 haud
1749 1673 1912 1725 necesse
1926 1649 2003 1756 sit,

624 1785 671 1848 ut
696 1770 768 1880 qui
789 1765 967 1848 fundum
988 1767 1195 1875 possidere
1217 1769 1337 1872 velit,
1360 1795 1501 1848 omnes
1536 1765 1672 1873 glebas
1699 1767 2002 1870 circumambu-

623 1889 698 1994 let,
721 1889 792 1972 sed
812 1889 997 1989 sufficiet,
1017 1891 1244 2001 quamlibet
1268 1910 1421 2003 partem
1449 1891 1535 2000 ejus
1556 1889 1672 1970 fundi
1691 1893 1878 1992 introire,
1897 1891 2001 1971 dum
2074 1997 2083 2006 .

614 2030 758 2092 -mente
781 2030 823 2092 et
839 2015 1081 2119 cogitatione
1102 2015 1264 2110 haesit,
1286 2033 1332 2096 ut
1348 2033 1481 2096 totum
1501 2013 1674 2094 fundum
1697 2041 1826 2128 usquc
1845 2012 1896 2092 ad
1914 2030 2001 2091 ter·

623 2135 782 2214 minum
804 2133 902 2212 velit
929 2131 1158 2238 possidere;
1183 2157 1278 2210 nam
1297 2127 1381 2207 haec
1394 2153 1561 2236 quoque
1580 2127 1813 2234 accipienda
1832 2146 1944 2227 sunt,
1964 2133 1999 2208 si

628 2256 661 2334 is
682 2257 753 2366 qui
774 2271 867 2334 ante
886 2253 1066 2363 possedit
1076 2311 1095 2356 ,.
1118 2253 1204 2362 ejus
1231 2250 1355 2330 fuerit
1380 2250 1524 2345 animi,
1545 2263 1594 2325 ut
1618 2249 1677 2325 rei
1699 2250 1825 2326 totius
1843 2275 1998 2356 posses-

630 2380 786 2464 sionem
806 2381 970 2474 amittat,
993 2379 1088 2456 Non
1110 2374 1212 2454 nihil
1232 2375 1366 2482 itaque
1383 2372 1571 2471 interest,
1584 2387 1724 2448 utrum
1740 2369 1901 2452 volente
1924 2372 1999 2453 do·-
2031 2414 2033 2418 ·
2140 2450 2143 2463 .

627 2503 739 2582 mino
761 2531 814 2582 an
834 2519 932 2580 vero
951 2527 1001 2578 eo
1026 2502 1157 2578 inrito
1175 2497 1468 2605 possessionem
1488 2494 1702 2602 acquiram.
1972 2514 1976 2523 ’

678 2722 869 2804 Praedicta
888 2723 939 2804 de
961 2724 1084 2805 rebus
1107 2724 1385 2834 corporalibus
1404 2721 1663 2827 intelligenda
1676 2747 1775 2819 esse,
1793 2720 1996 2804 observari

627 2869 786 2924 necesse
797 2858 874 2937 est;
885 2835 997 2918 nulla
1011 2839 1174 2920 enimin
1184 2869 1248 2919 res
1258 2840 1546 2949 incorporales,
1555 2871 1645 2952 quae
1654 2845 1732 2924 nisi
1743 2846 1784 2922 iu
1792 2843 1998 2922 intellectu

627 2969 823 3065 existunt,
841 2963 946 3054 cadit
963 2962 1250 3072 apprehensio;
1269 2963 1378 3044 unde
1398 2993 1464 3044 eas
1482 2993 1567 3045 uon
1587 2965 1783 3075 possideri
1798 2965 1869 3044 sed
1881 2967 1994 3073 quasi

629 3087 824 3200 possideri
836 3087 1010 3170 diximus
1018 3087 1153 3186 ΕΜ
1172 3115 1221 3198 27
1234 3087 1274 3167 ff.
1289 3088 1340 3169 dc
1354 3109 1533 3198 usurpet
1548 3117 1658 3170 usuc.
1676 3091 1721 3168 L.
1744 3115 1790 3166 ro
1802 3087 1843 3164 ff.
1853 3116 1996 3197 quem·

631 3211 735 3314 adm.
754 3239 855 3291 sert.
876 3210 1006 3310 vind„
1024 3239 1109 3324 quo
1131 3209 1192 3313 fit,
1209 3210 1324 3321 quod
1343 3210 1394 3291 ad
1420 3241 1560 3297 earum
1576 3212 1997 3323 quusi-possessionem

630 3335 881 3444 desideretur
908 3353 1020 3416 actus
1048 3335 1195 3446 aliquis
1223 3337 1449 3417 naturalem
1472 3337 1837 3447 apprehensionem
1859 3363 1998 3442 reprae-

628 3479 807 3558 sentens,
827 3479 874 3540 ut
899 3463 1025 3542 cessio
1052 3462 1096 3540 in
1117 3459 1229 3568 jure,
1253 3462 1437 3543 inductio
1467 3464 1512 3544 in
1535 3460 1711 3542 fundum
1733 3462 1775 3538 in
1795 3457 1997 3539 servituti-

629 3582 716 3662 bus.
728 3585 833 3662 Hinc
849 3585 1061 3691 quaeritur,
1076 3601 1180 3694 quot
1199 3603 1311 3667 actus
1331 3588 1576 3666 intervenire
1596 3583 1993 3679 debeant,utearum

633 3706 745 3815 quasi
769 3707 965 3813 possessio
996 3709 1190 3818 acquisita
1214 3709 1475 3816 intelligatur,
1495 3727 1536 3789 et
1556 3737 1608 3788 an
1628 3707 1771 3787 unicus
1789 3719 1900 3780 actus
1922 3697 1994 3777 ali-

634 3828 799 3938 quando
823 3832 951 3938 possit
968 3829 1176 3911 sufficere?
1192 3835 1244 3911 Et
1265 3831 1431 3942 quidem
1452 3833 1528 3912 hoc
1551 3831 1738 3910 ultimum
1762 3823 1995 3904 indistincte

632 3948 910 4034 affirmandum
939 3953 1202 4052 arbitramur,
1231 3954 1275 4033 id
1300 3971 1361 4034 est
1376 3956 1460 4034 sive
1476 3952 1722 4064 praecesserit
1744 3945 1887 4026 titulus
1912 3943 1996 4022 sive

630 4097 738 4174 non;
762 4077 839 4158 nisi
859 4094 992 4174 tamen
1019 4077 1096 4158 hoc
1121 4081 1164 4157 in
1191 4101 1303 4176 casu,
1325 4077 1495 4184 ,quando
1516 4102 1662 4177 nempe
1693 4067 1828 4146 nullus
1854 4065 1998 4145 titulus

631 4205 852 4306 praecessit,
872 4220 1057 4310 ageretur
1076 4202 1127 4283 de
1145 4219 1238 4282 actu
1257 4199 1321 4280 vel
1345 4197 1452 4306 jure,
1474 4193 1588 4306 quod
1609 4190 1723 4272 facile
1747 4217 1794 4272 ex
1825 4188 1998 4268 amicitiai

633 4349 677 4400 ac
703 4321 983 4406 benevolentiis
1017 4327 1130 4408 alteri
1158 4323 1326 4416 concedi
1353 4322 1465 4403 solet.
1499 4321 1604 4400 Nem
1626 4318 1659 4395 si
1686 4343 1721 4393 v.
1746 4341 1782 4419 g.
1813 4329 1999 4419 ageretur

632 4439 681 4522 de
697 4445 786 4550 jure
797 4447 1033 4528 transeundi
1048 4477 1120 4555 per
1137 4447 1307 4528 fundum
1318 4447 1499 4544 alterius,
1510 4445 1783 4525 unicus-actus
1797 4435 1997 4518 haudsul-
