4517 5867
672 569 715 639 1s
790 545 793 552 ’
913 569 918 574 ·
1004 548 1232 636 nunninus
1255 557 1316 630 ns
1339 559 1472 642 satur
1494 557 1676 629 nonnus

720 753 869 861 Saepius
891 769 932 832 et
955 755 1191 860 generaliter
1215 767 1389 858 quatuor
1407 747 1664 853 ined‘partes
1684 747 1850 827 diversae
1866 746 2034 854 conspi·

668 873 874 962 suuntur:
907 873 1047 972 radix,
1079 871 1229 966 caulis,
1259 867 1403 946 folium
1438 881 1480 944 et
1512 865 1771 945 fructificatio.
1798 866 1928 947 Radix>
1963 885 2025 948 est
2070 879 2073 883 ’

666 1025 756 1104 pars
774 993 909 1073 infima
927 992 1086 1098 plantes,
1104 1013 1243 1073 versus
1263 1004 1446 1068 centrum
1464 1001 1580 1064 terrae
1596 985 1778 1064 tendens.
1794 986 1963 1068 Radices
1979 990 2039 1066 in‘

666 1113 872 1196 nonnullis
900 1111 1049 1216 plantis
1077 1105 1335 1187 inferioribus
1357 1106 1513 1186 desunt.
1544 1107 1715 1183 Dantur
1731 1105 1854 1182 etiam
1877 1109 2036 1211 plantes.

666 1258 841 1344 quarum
867 1229 1019 1308 radices
1040 1229 1084 1308 in
1108 1227 1212 1336 aqud
1234 1243 1398 1326 natant,
1423 1227 1524 1339 quin
1548 1241 1664 1304 terrm
1687 1223 1922 1304 adhaereant
1950 1225 2026 1304 Rs·

668 1356 737 1434 din
759 1352 822 1431 vel
850 1367 909 1430 est
934 1346 1161 1455 profunda,
1183 1347 1251 1428 rel
1271 1346 1552 1454 superficialis,
1574 1345 1638 1427 vel
1658 1345 1711 1427 ad
1733 1373 1931 1426 summam
1951 1346 2038 1425 soli.

667 1469 940 1574 superficiem,
966 1484 1036 1548 aut
1059 1467 1136 1550 sub
1160 1468 1273 1582 aqui.
1300 1469 1453 1571 Organi
1476 1467 1728 1547 absorbentis
1753 1467 1860 1545 vices
1884 1493 2028 1570 gerens

581 1633 583 1640 ,
668 1587 812 1696 plantae
832 1585 1062 1698 suppeditat
1080 1587 1288 1674 materiem
1314 1589 1558 1668 nutritivam.
1583 1591 1691 1671 Duas
1717 1586 1839 1666 hebet
1866 1603 2028 1701 partes,

667 1703 847 1785 rhizoma
871 1705 933 1786 vel
959 1736 1128 1818 corpus,
1155 1726 1196 1790 et
1224 1708 1429 1790 radiculas.
1454 1707 1646 1790 Radicula
1669 1707 1828 1789 fibrillis
1848 1723 2028 1808 constat,

667 1831 759 1940 quse
793 1827 973 1935 siphonis
1002 1833 1110 1911 vices
1138 1848 1326 1938 egentes,
1353 1860 1492 1916 succos
1520 1832 1737 1915 nutritiros
1769 1831 1813 1918 iu
1843 1821 2041 1911 interiori

667 1964 780 2072 terrae
797 1963 910 2060 parte
928 1947 1127 2034 hauriunt
1148 1950 1278 2040 liudis
1296 1967 1356 2031 est
1378 1951 1531 2049 onnus,
1552 1951 1712 2030 biennis
1735 1949 1799 2029 rel
1824 1951 2030 2058 perennis.

717 2135 932 2242 Prsecipuoe
951 2134 1134 2214 radicum
1150 2135 1289 2215 formae
1305 2150 1424 2215 suut:
1449 2133 1689 2235 fusiformisr
1707 2133 1920 2233 tuberosa,
1942 2133 2039 2241 pal

568 2249 572 2258 ’
665 2267 788 2354 meu,
802 2253 994 2352 historia,
1013 2271 1215 2357 truncate,
1236 2253 1725 2352 articulsta‚·fascioulats‚
1744 2274 1938 2361 geracen,
1959 2281 2039 2334 oo·.

665 2399 795 2473 mosa,
813 2373 961 2456 librosa
978 2391 1019 2454 et
1037 2373 1232 2473 bulbosa,
1250 2402 1342 2486 quse
1361 2375 1538 2484 squamis
1557 2375 1650 2482 plus
1674 2380 1859 2456 minusve
1882 2377 2041 2482 pressis.

665 2497 894 2602 composita.
915 2499 1016 2576 Tres
1032 2493 1181 2576 dantur
1202 2497 1356 2601 species
1371 2494 1613 2591 bulborum3
1637 2512 1733 2576 sunt
1751 2495 1895 2595 solidi,
1914 2496 2039 2575 tuui··

664 2615 821 2696 estivel
841 2617 1053 2728 squamosi.
1076 2617 1255 2696 Discedo
1280 2613 1461 2695 radicum
1482 2631 1542 2695 est
1565 2615 1928 2723 perpendicularis,
1952 2615 2029 2694 ho·

566 2745 571 2758 '
662 2735 876 2824 rimulis.
887 2735 1146 2860 Ytlphlifflm.
1166 2734 1424 2819 Conveniunt
1442 2734 1597 2816 radices
1613 2763 1706 2817 cum
1723 2738 1881 2823 nuncia
1891 2739 2033 2834 ineo,

664 2846 778 2959 quod
796 2844 1035 2950 organisatio
1053 2837 1580 2924 stl'eseunefffflillenmt
1590 2841 1775 2952 respectu
1786 2849 2029 2934 incrementi
2062 2936 2068 2945 ,

664 2969 710 3046 in
730 2991 797 3066 eo,
816 2962 928 3071 quod
945 2961 1077 3040 trunci
1098 2961 1333 3040 crescentia
1350 2962 1539 3042 omnibus
1555 2965 1638 3042 suis
1657 2964 1854 3071 partibus;
1873 2970 2028 3052 radices

665 3111 762 3164 vero
779 3101 934 3165 tantum
946 3084 991 3163 in
1004 3082 1252 3186 cunemitate
1263 3080 1548 3189 producantur.
1563 3087 1716 3165 Trunci
1730 3105 1869 3168 versus
1878 3090 2027 3171 coelum

665 3203 861 3304 rendunt,
877 3201 1032 3283 radices
1047 3229 1186 3284 versus
1205 3219 1389 3284 centrum
1408 3219 1535 3282 terres.
1554 3205 1719 3294 Frustra
1734 3225 1947 3314 expertum
1965 3227 2027 3290 est

665 3323 770 3407 hanc
791 3323 1038 3412 tendentium
1055 3324 1266 3414 invertere,
1284 3325 1357 3404 vis
1376 3321 1555 3412 radicum
1572 3325 1766 3415 immensa
1781 3355 1791 3416 ;
1809 3329 2025 3435 profundi-

665 3461 724 3526 tas
745 3469 882 3522 esrum
904 3459 945 3520 et
969 3443 1204 3547 magnitudo
1227 3471 1310 3535 uon
1333 3471 1493 3565 semper
1517 3448 1820 3567 proportionata
1845 3465 1908 3534 cst
1934 3447 2024 3533 alti.

663 3564 795 3650 tudini
812 3580 854 3653 et
869 3565 1060 3657 crassitiei
1078 3563 1212 3651 caulis.
1665 3587 1670 3594 ·

716 3749 851 3848 Cauiis
863 3763 923 3837 est
935 3772 1025 3854 pars
1040 3743 1184 3854 plantes
1200 3773 1290 3856 quae
1302 3774 1325 3825 e
1339 3746 1443 3827 collo
1459 3747 1601 3828 radicis
1618 3752 1700 3841 exit
1720 3749 1773 3838 ,ἐπ’
1784 3749 1876 3872 ques
1892 3779 2026 3862 supra
2116 3822 2119 3825 ,

664 3889 780 3952 terrae
800 3867 1051 3992 superficiem
1072 3869 1242 3970 assurgit
1266 3866 1487 3956 directione
1503 3869 1595 3976 plus
1614 3871 1795 3957 minusve
1812 3873 2028 3976 verticali,

664 3993 747 4069 sive
767 3995 817 4070 se'
829 3989 1004 4108 propriis
1020 3987 1176 4077 viribus
1192 3987 1335 4101 erigat,
1352 3990 1435 4073 sive
1452 3989 1541 4071 aliis
1556 3991 1794 4109 corporibus
1809 4017 1852 4075 se
1870 3989 2023 4077 adnec-

664 4121 742 4184 tat:
764 4110 882 4224 eriglt
901 4107 994 4212 folia
1013 4119 1058 4196 et
1075 4105 1429 4198 fructificationem.
1450 4109 1591 4200 Caules
1610 4109 1809 4218 simplices
1825 4128 1939 4211 sunt,
1952 4129 2023 4196 aut

555 4255 557 4260 ⁴
665 4230 709 4314 iu
723 4223 820 4310 alios
834 4229 1038 4316 tenuiores
1055 4226 1307 4331 divisi‚foliie
1320 4227 1477 4346 prediti
1492 4247 1562 4322 aut
1575 4229 1678 4323 orbi.
1691 4230 1839 4323 Plantae
1851 4257 2019 4352 quoque

665 4345 814 4430 duntur
829 4343 994 4424 acaules.
