4517 5867
593 559 602 578 “
673 572 766 668 72·
904 571 909 587 ·
1022 561 1659 653 nacariosvartunnrort

666 771 980 837 consentaneum
995 758 1047 836 sit
1055 757 1150 836 huic
1160 759 1261 838 aetati
1271 759 1352 868 qui
1361 761 1414 839 sit
1425 762 1680 862 constitutus,
1696 759 1802 840 «nisi
1817 754 1919 840 forte
1936 757 2032 840 ado·

666 873 858 957 lescentes
888 880 1125 984 pueritiam,
1154 879 1323 988 paulum
1351 897 1464 960 aetate
1497 882 1697 989 progressi
1727 881 2035 963 adolescentiam

544 1003 548 1010 “
663 995 839 1077 debeant
856 1001 1102 1109 requirere.»
1118 999 1214 1107 Cap.
1237 1029 1294 1114 ro.
1314 1007 1339 1102 §
1357 999 1426 1084 33:
1447 1029 1537 1113 quae
1554 1027 1647 1080 sane
1662 1029 1735 1109 per
1755 1003 1928 1082 ironiam
1940 1020 2035 1082 sunt

661 1117 777 1199 dicta.
788 1121 943 1199 Verum
952 1119 1316 1204 tamensidiversas
1328 1121 1689 1232 ponderaverimus
1700 1149 1871 1221 caumas,
1885 1121 2033 1228 quibus

660 1258 871 1349 permotus
898 1242 996 1323 Cato
1023 1260 1245 1354 utrumque
1272 1245 1510 1345 enuntiarit,
1540 1271 1625 1326 non
1658 1246 1736 1326 erit
1765 1240 2031 1324 dubitandum

661 1367 765 1473 quin
784 1363 956 1447 alterum
976 1365 1137 1471 egregie
1155 1392 1249 1446 eum
1268 1363 1395 1446 altero
1418 1370 1545 1474 possit
1563 1368 1779 1448 conciliari.
1802 1365 1908 1446 Cum
1925 1366 2030 1446 enim

667 1487 771 1567 Cato
791 1483 1056 1590 rejiciendum
1080 1503 1215 1566 censet
1241 1487 1383 1588 tritum
1408 1487 1511 1570 illud
1539 1515 1725 1570 sermone
1738 1485 2029 1596 proverbium,

659 1621 822 1684 mature
831 1607 932 1712 fieri
947 1635 1078 1687 renem
1097 1625 1289 1717 oportere,
1313 1609 1416 1692 illud
1433 1609 1646 1717 significat,
1665 1639 1751 1694 non
1764 1611 1807 1690 in
1822 1608 2029 1718 iuventute

655 1725 849 1834 juvenilia
867 1755 952 1812 esse
975 1731 1297 1837 intermittenda,
1319 1734 1363 1813 in
1384 1751 1589 1816 senectute
1614 1733 1684 1814 illa
1706 1759 1791 1819 esse
1808 1728 2028 1841 praestandi

658 1878 749 1960 quea
770 1849 866 1933 huic
889 1852 1002 1935 alteri
1026 1857 1131 1936 aetati
1158 1856 1291 1938 solum
1318 1859 1578 1970 conveniant,
1591 1857 1686 1938 Ubi
1704 1881 1802 1935 vero
1825 1856 2025 1962 juvenem,

656 1976 702 2052 in
723 2001 803 2081 quo
822 1975 984 2084 ale‘qud
998 1979 1117 2062 senile
1137 1996 1209 2070 est,
1236 1981 1403 2088 probet,
1434 1979 1528 2060 haec,
1542 1994 1602 2060 est
1618 1979 1728 2058 illius
1750 1976 1958 2072 sententia,
1984 1988 2030 2054 ut

655 2094 843 2200 juvenes,
860 2097 997 2204 quoad
1011 2095 1098 2175 fieri
1114 2097 1202 2204 ejus
1214 2101 1357 2207 possit,
1374 2128 1468 2178 cum
1487 2127 1569 2178 suae
1588 2099 1711 2180 aetatis
1731 2095 2030 2180 commodisor·
2048 2181 2050 2186 ,

654 2231 845 2294 ramenta
861 2218 1094 2317 senectutis,
1112 2219 1327 2304 consilium
1345 2236 1387 2300 et
1402 2219 1680 2327 prudentiam,
1693 2218 1881 2300 studeant
1893 2242 2030 2316 conso

657 2334 763 2414 ciare
789 2352 832 2416 et
850 2363 996 2445 ¹pratus
1022 2336 1261 2446 cupiditates
1285 2342 1470 2428 eoe’rcere
1487 2341 1752 2454 *reliquasque
1784 2340 1908 2424 animi
1936 2365 2028 2448 per·

656 2454 925 2562 turbationes,
944 2458 1100 2540 ratione
1120 2459 1370 2563 moderante,
1389 2461 1675 2572 comprimere:
1696 2476 1744 2538 ut
1762 2463 1885 2544 unius
1903 2461 2030 2556 estatis

654 2576 960 2678 condimentum
983 2581 1029 2664 iu
1056 2578 1222 2666 atterius
1245 2580 1459 2672 utilitatem
1473 2579 1830 2694 ,commodumque
1855 2577 2028 2678 transfe-

654 2713 767 2778 ratur
785 2700 854 2802 (ι)
952 2792 956 2800 ¹

1017 3022 1023 3033 Ι
1100 3018 1125 3031 ..
1210 2851 1459 3006 §xxx
1550 2911 1628 2946 .„
1712 2787 1715 2802 Α

707 3155 788 3238 Sed
814 3155 864 3237 ad
903 3155 1014 3235 hunc
1045 3180 1177 3266 usque
1206 3153 1346 3233 locum
1374 3151 1541 3240 alteram
1571 3169 1729 3238 tantum
1761 3154 1881 3265 hujus
1915 3187 2023 3270 quae.

652 3280 795 3361 stionis
822 3295 978 3389 partem
1009 3279 1195 3392 attigerat
1227 3275 1347 3379 Cato,
1380 3302 1465 3356 non
1495 3275 1634 3388 deesse
1662 3280 1858 3358 senectuti
1897 3283 2024 3384 vires,

652 3429 903 3512 quamquam
926 3398 1106 3480 modicas
1127 3399 1213 3480 illas
1234 3415 1274 3488 et
1294 3399 1390 3479 huic
1416 3400 1521 3480 eetati
1548 3399 1887 3502 accommodatam
1914 3409 2022 3484 nune

650 3521 702 3602 ad
729 3522 894 3603 alteram
922 3520 1202 3632 progreditur,
1231 3521 1325 3602 licet
1350 3520 1414 3601 vel
1440 3523 1535 3633 ipsae
1560 3511 1637 3602 illae
1668 3521 1820 3623 desint,
1847 3529 1932 3604 non
1959 3523 2024 3605 ad-

650 3643 820 3729 modum
842 3646 978 3726 tamen
1003 3672 1069 3725 eas
1093 3643 1321 3728 desiderari.
1342 3643 1434 3730 «Ne
1454 3645 1710 3754 postulantur
1728 3643 1894 3754 quidem
1914 3647 2020 3728 vires

605 3925 610 3938 '
693 3921 741 4006 (1)
763 3919 945 3988 Senectutis
961 3931 1157 3988 ornamenta
1174 3921 1302 4009 egregie
1322 3920 1493 4012 descripsit
1509 3931 1622 3988 auctor
1641 3915 1811 4014 Gallicus:
1831 3915 1933 4004 «Que
1946 3913 2017 3990 l'on

649 4045 803 4090 conserve
817 4027 883 4093 ila
895 4009 1053 4093 vieilleese
1070 4037 1162 4092 toute
1178 4025 1211 4090 la
1227 4025 1338 4092 raison
1356 4011 1389 4091 et
1404 4036 1496 4092 toute
1512 4025 1543 4091 la
1560 4023 1703 4089 lumidre
1718 4021 1758 4086 de
1773 4011 2017 4110 l'expiriencc3

646 4129 769 4218 qn’elle
780 4131 931 4217 presente
944 4131 1054 4198 meme
1067 4151 1190 4201 encore
1199 4127 1408 4218 quelquefois
1420 4152 1470 4197 nn
1483 4149 1579 4218 corps
1592 4119 1839 4216 vigoureux,'et
1851 4147 1930 4214 qne,
1944 4137 2017 4192 sous

646 4260 695 4303 ees
711 4234 863 4302 cheveux
880 4235 1011 4320 blance,
1024 4237 1088 4303 elle
1104 4235 1188 4301 offre
1202 4235 1356 4320 toujonrs
1371 4255 1422 4297 un
1437 4231 1532 4300 frent
1552 4245 1711 4321 anguste3
1731 4253 1797 4319 que
1815 4231 1847 4296 le
1867 4231 2016 4299 vieilunt

646 4340 712 4407 soit
723 4341 912 4430 represents
926 4362 1058 4407 comme
1069 4361 1121 4405 un
1137 4340 1241 4405 chene
1256 4337 1391 4424 antique
1403 4338 1463 4424 qui
1479 4338 1627 4405 contient
1643 4351 1762 4404 encore
1780 4359 1856 4404 arec
1868 4335 1959 4403 force
1970 4357 2016 4402 ses

646 4469 807 4518 rameaux
819 4447 995 4538 puissants.
1019 4443 1398 4530 urcrrmffloetique
1415 4443 1500 4510 dela
1516 4443 1718 4531 Matique,
1789 4481 1791 4486 ·
1884 4485 1908 4494 --
1978 4477 1982 4488 ·
