4517 5867
640 533 687 607 31
988 527 1248 602 utrarios
1274 523 1379 598 VAN
1404 525 1502 596 unu
1526 526 1633 598 TON

636 705 793 790 stabilia
806 705 909 786 etin
931 721 1172 811 perpetuum
1197 701 1387 784 duratura
1414 729 1488 784 nec
1517 702 1795 814 tranquillitati
1821 701 1987 785 illorum

635 851 828 936 umquam
839 823 1023 908 officiant.
1036 827 1217 908 Virtutes
1235 826 1344 904 enim
1363 825 1506 904 naturi
1523 825 1731 922 nituntur,
1749 851 1839 934 quae
1851 825 1992 906 eadem

638 947 689 1030 ad
707 947 791 1030 illas
808 945 1047 1029 exercendas
1063 973 1187 1026 mauu
1205 947 1318 1055 quasi
1333 973 1410 1026 nos
1427 944 1616 1028 deducit:
1630 961 1676 1024 ut
1689 948 1746 1026 ait
1762 947 1993 1027 Stoicorum

636 1070 822 1178 priuoeps
841 1069 985 1158 Zeno,
1024 1067 1221 1149 referente
1261 1069 1445 1150 Droouuu
1482 1069 1678 1168 Larino,
1708 1067 1802 1176 qui,
1828 1085 1846 1146 e
1874 1085 1997 1156 zoes,

634 1191 788 1300 inquit,
806 1206 838 1272 lv
858 1213 906 1288 τῷ
923 1203 992 1293 περὶ
1018 1201 1175 1292 ἀνθρώπων
1195 1203 1328 1294 φύσεως,
1351 1203 1440 1279 τέλος
1460 1197 1526 1272 tine
1550 1201 1588 1268 ri
1609 1201 1858 1293 ὁμολυγοὶιμένως
1878 1209 1918 1292 τῇ
1936 1203 1998 1290 φύ-

635 1348 680 1394 σει
699 1319 771 1416 ζῇν,
790 1328 863 1418 ὅπερ
883 1321 931 1408 tet
947 1315 1017 1392 κατ’
1030 1323 1139 1419 ἀρετὴν
1156 1317 1219 1418 ζῇν
1239 1322 1307 1418 siqu
1324 1323 1384 1418 γὰρ
1402 1324 1477 1418 πρὸς
1498 1325 1614 1397 ταύτην
1632 1327 1713 1416 ἡμᾶς
1731 1329 1749 1398 ἡ
1770 1323 1856 1416 φύσις
1876 1311 1893 1426 (
1917 1310 1944 1412 ).

1251 1497 1383 1636 ΡΧ.
1515 1613 1521 1619 ,

688 1703 805 1783 Artes
823 1728 919 1783 vero
937 1719 1147 1814 propterea
1167 1705 1421 1811 potissimum
1440 1719 1536 1784 sunt
1555 1701 1786 1786 exercendae
1806 1703 1996 1782 virtutes*

636 1817 716 1934 que
734 1824 930 1939 colendae,
951 1827 1063 1934 quod
1084 1828 1196 1905 omni
1218 1843 1333 1907 aetate
1355 1827 1629 1938 omnibusque
1657 1823 1929 1934 temporibus,
1952 1840 1998 1902 et

636 1948 882 2054 prosperiset
890 1947 1077 2046 adversis,
1087 1951 1251 2028 maximi
1260 1949 1357 2030 inde
1367 1947 1802 2030 fructusadhumanam
1811 1961 1998 2038 naturam

636 2083 730 2146 sunt
738 2067 1023 2154 redundanti:
1037 2069 1141 2174 quin
1148 2073 1390 2150 necessarias
1401 2070 1517 2175 plane
1528 2069 1617 2148 illas
1625 2066 1736 2146 haud
1748 2065 1897 2170 injurii
1905 2065 2000 2171 quis

636 2183 805 2283 dixerit,
820 2184 1174 2292 quandoquidem,
1194 2189 1245 2266 iis
1270 2187 1463 2284 sublatis,
1482 2215 1559 2267 nec
1582 2188 1742 2285 civitas,
1766 2212 1843 2262 neo
1868 2184 1995 2262 socie-

636 2320 715 2401 tas,
729 2329 806 2384 nee
826 2303 907 2383 vitu
922 2305 1090 2385 omnino
1108 2287 1192 2382 ulla
1209 2321 1362 2384 exstare
1383 2321 1525 2412 potest
1554 2301 1635 2384 Sed
1659 2305 1719 2384 uti
1744 2320 1897 2383 tantam
1919 2302 2011 2402 illae,

634 2424 719 2502 vim
746 2424 899 2504 habent
924 2423 967 2501 ln
991 2423 1166 2540 reliquas
1194 2425 1371 2507 hominis
1399 2443 1549 2528 utentes,
1571 2427 1628 2510 ita
1652 2426 1779 2506 multo
1803 2423 1996 2529 'majorem

634 2541 852 2628 habentis
878 2560 1146 2648 senectutem,
1168 2549 1234 2636 cui
1257 2549 1372 2668 quasi
1395 2547 1502 2628 dona
1517 2545 1710 2656 'quaedam
1733 2545 1948 2651 singularia
1970 2573 1996 2624 a

634 2663 777 2747 natura
795 2661 886 2748 data
907 2663 1129 2752 videantur.
1147 2669 1253 2752 Nam
1273 2669 1515 2748 conscientia
1534 2670 1624 2748 vitae
1645 2685 1738 2749 ante
1759 2683 1852 2746 actae
1872 2683 1996 2776 atque

634 2785 858 2870 recordatio
883 2813 1051 2888 eorum,
1075 2818 1164 2900 quae
1183 2788 1352 2876 divorsis
1370 2791 1463 2870 vitas
1483 2789 1736 2896 temporibus
1761 2789 1930 2868 honesta
1954 2803 2002 2882 et⁸

635 2905 849 2988 laudabilia
883 2912 1103 3020 peregerit,
1135 2907 1402 3030 efficacissima
1433 2911 1589 2988 homini
1626 2923 1813 3016 praestant
1846 2907 1994 2987 solatia.

636 3026 881 3134 «Aptissima
900 3029 1068 3108 omnino
1081 3043 1178 3107 sunt
1193 3053 1304 3107 arma
1317 3030 1533 3108 senectutis
1551 3045 1655 3108 artes
1675 3029 1994 3108 exercitationes·

636 3171 717 3259 qus
742 3146 939 3236 simutum
972 3173 1057 3227 non
1086 3146 1220 3236 solum
1246 3149 1346 3270 quia
1371 3174 1582 3256 nunquam
1617 3147 1829 3249 deserunt,
1859 3176 1911 3230 ne
1950 3137 1995 3227 in

636 3280 815 3367 extremo
850 3267 1017 3380 quidem
1049 3275 1233 3377 tempore
1264 3269 1387 3352 aetatis
1419 3274 1677 3382 (quanquam
1702 3271 1749 3354 id
1763 3273 1995 3352 'maximum

636 3385 721 3491 est)
742 3394 884 3470 rerum
905 3393 1024 3470 etiam
1045 3391 1289 3476 conscientia
1313 3390 1418 3471 bene
1444 3409 1540 3470 actas
1564 3383 1675 3492 sitae,
1691 3391 1993 3500 multorumque

636 3507 915 3594 bonestorum
938 3509 1160 3602 recordatio
1184 3509 1475 3624 jucundissima
1497 3529 1597 3599 ests
1617 3512 1710 3619 Cap
1735 3539 1766 3592 r.
1785 3517 1811 3611 §
1829 3542 1865 3624 9.
1884 3510 1994 3592 Nihil

646 3789 651 3800 ·
672 3748 728 3836 ’(ι)
750 3747 897 3814 navitis
912 3760 945 3814 et
960 3748 1119 3838 Dogmm.
1138 3749 1267 3818 Claror.
1281 3749 1417 3822 Phfloes.
1437 3749 1512 3815 Lite
1530 3749 1603 3818 vn.
1622 3771 1724 3836 ειμι.
1743 3747 1785 3835 87
1803 3760 1837 3813 et
1853 3746 1907 3814 88.
1926 3745 1994 3812 Su·

636 3867 731 3918 uma
739 3853 843 3941 Epist.
857 3853 1007 3921 Lxxvr.
1018 3877 1055 3943 Ρ.
1070 3857 1147 3926 ⁵42.
1162 3857 1254 3922 lusu
1263 3855 1313 3922 De
1322 3855 1398 3922 vid
1411 3841 1508 3920 Beati
1523 3851 1666 3920 dxvi
1681 3874 1716 3942 Ρ.
1732 3851 1808 3917 242.
1822 3849 1871 3916 De
1887 3851 1993 3942 Trau-

637 3954 799 4037 quillitste
814 3955 931 4022 'Animi
951 3955 991 4023 C.
1004 3959 1063 4024 ΠΙ.
1075 3983 1112 4049 Ρ.
1132 3961 1205 4026 155.
1220 3961 1268 4027 De
1282 3955 1450 4028 Beneficiis
1469 3945 1534 4022 Ill(
1548 3981 1578 4024 c.
1594 3956 1650 4023 56.
1673 3979 1710 4045 Ρ.
1732 3953 1808 4020 506.
1827 3953 1994 4042 Congruit

636 4075 718 4120 cum
729 4054 783 4117 his
793 4059 892 4124 etism
908 4061 1089 4128 ruamus
1104 4064 1231 4130 dietum
1239 4111 1251 4150 ‚
1264 4065 1323 4152 qui
1336 4064 1554 4148 interrogatus
1566 4061 1649 4148 quid
1664 4059 1881 4125 utilissimum
1895 4069 1994 4141 esset,

636 4157 808 4248 respondit
818 4178 826 4221 t
838 4161 1028 4249 Virtutem3
1046 4167 1132 4233 hano
1141 4169 1235 4238 enim
1247 4171 1374 4257 reliqua
1383 4169 1485 4235 etiam
1501 4179 1589 4233 route
1603 4166 1744 4232 vivendo
1757 4163 1854 4231 utilia
1872 4163 1990 4230 faeere

563 4318 570 4338 .
636 4261 873 4435 zpuypgpguus
890 4264 1029 4335 Conviv.
1047 4267 1180 4359 Septem
1201 4271 1397 4360 sapientum
1412 4293 1487 4360 pag.
1510 4269 1584 4336 153.
1599 4270 1642 4336 D.
1659 4273 1757 4336 Tom.
1774 4269 1802 4334 1.
1820 4293 1895 4359 pag·
1915 4270 1988 4336 605.
