4517 5867
510 681 515 691 Ι
603 570 649 639 nd
940 565 1170 642 sennium
1192 563 1254 638 DE
1276 562 1411 638 Sllli'l'
1433 557 1625 638 nouum

603 765 840 846 annulorum
866 740 925 844 est
952 766 992 846 in
1019 765 1172 844 ratione
1187 761 1337 872 vigoris
1359 753 1726 843 chonomorem
1750 741 1917 844 corticis
1931 763 1973 843 et

607 888 703 999 ligni
722 887 881 971 inversa
896 903 971 984 est3
983 902 1117 966 cortex
1133 886 1275 965 crescit
1284 909 1333 965 ex
1349 900 1461 993 purte
1474 883 1665 964 exteriori
1674 884 1971 988 ininteriorem,

605 1025 644 1089 et
662 1011 815 1120 lignum
833 1037 883 1091 ex
904 1009 1083 1091 interiori
1103 1008 1147 1089 in
1163 1006 1409 1088 exteriorem.

651 1191 823 1306 Lignum
834 1211 997 1306 estpars
1015 1192 1170 1276 arboris
1192 1192 1452 1296 solidissima,
1470 1182 1697 1271 immediate
1714 1183 1859 1270 cortice
1880 1217 1972 1270 000⁴

597 1333 731 1426 perta,
748 1317 943 1402 formatur
963 1317 1161 1400 fasciculis
1179 1344 1370 1401 vasorum
1387 1251 1595 1425 spiralium
1613 1312 1763 1394 cellulis
1783 1311 1973 1424 elongatis

597 1425 933 1562 circumdatorum
955 1459 993 1524 et
1006 1442 1128 1524 radiis
1148 1435 1461 1524 medullaribus
1450 1449 1763 1518 mtertextorum.
1778 1432 1974 1517 Fasciculi

598 1553 788 1644 vasorum
819 1565 1026 1676 spinolium
1056 1565 1250 1646 annulum
1281 1562 1388 1646 οἱιιιι
1419 1560 1633 1644 medullam
1668 1558 1900 1660 efformem,
1931 1572 1973 1636 et

598 1713 728 1770 novus
743 1689 955 1799 quotannis
972 1689 1023 1770 nd
1039 1689 1217 1800 priorem
1232 1687 1395 1770 accedit
1410 1685 1455 1768 hi
1471 1683 1608 1766 annuli
1627 1683 1770 1793 lignosi
1792 1680 1970 1762 audiunt.

596 1812 644 1889 Ιιι
666 1809 730 1890 his
745 1813 903 1893 annulis
920 1812 1152 1953 magnitudo
1171 1838 1360 1898 rasorum
1362 1808 1586 1920 spinolium
1601 1803 1815 1886 admodum
1830 1801 1969 1886 variat.

596 1933 703 2012 Vasa
725 1923 886 2042 ιρὶιιιίἰιι
904 1936 1079 2014 maxima
1100 1963 1258 2072 semper
1275 1951 1432 2040 portem
1447 1929 1632 2010 medullas
1650 1927 1875 2036 proximam
1897 1922 1969 2004 ob·
2063 1963 2068 1968 ¹

598 2052 724 2132 tinent
741 2070 780 2135 et
800 2081 909 2157 vere,
925 2055 996 2134 ubi
1015 2055 1184 2136 secretio
1202 2051 1433 2162 vegetabilis
1450 2050 1698 2135 viridissima
1717 2063 1778 2128 est
1793 2063 1834 2129 et
1851 2048 1972 2128 celer·

598 2174 720 2273 rima,
750 2173 975 2256 formantur
997 2203 1008 2273 3
1034 2176 1200 2256 minima
1228 2191 1364 2255 antem
1394 2190 1588 2258 autumno
1624 2171 1898 2282 producuntur
1931 2187 1972 2252 ct

598 2294 730 2376 locum
748 2295 885 2377 cortici
902 2295 1133 2406 proximum
1150 2295 1356 2404 occupant

648 2479 818 2560 Functio
839 2480 937 2592 ligni
954 2481 997 2562 in
1015 2507 1157 2591 genere
1175 2497 1237 2564 est
1252 2507 1417 2565 succum
1433 2479 1578 2565 vehere
1597 2480 1640 2562 in
1657 2480 1792 2563 altum.
1812 2480 1974 2588 Corpus

594 2599 794 2711 lignosum
810 2603 920 2687 vehit
938 2631 1102 2686 succum
1114 2605 1304 2704 crudum,
1327 2633 1447 2716 quem
1461 2605 1650 2688 elibrillis
1665 2604 1809 2686 radicis
1833 2605 1975 2746 recipit

596 2739 637 2800 et
667 2751 761 2828 cnm
787 2719 830 2806 in
847 2726 952 2808 soliis
983 2727 1171 2838 deponit,
1201 2744 1247 2809 ut
1274 2729 1317 2808 in
1346 2745 1572 2810 contactum
1595 2728 1732 2812 veniat
1760 2755 1854 2808 cum
1880 2731 1975 2806 aiire

580 2837 901 2948 ¹atmospha'enco'
902 2850 1622 2920 meffmnoccmsumccmncceutt
1641 2847 1693 2919 ad
1714 2868 1858 2950 magna
1876 2869 1974 2924 rasa

595 2963 779 3074 spiralia,
798 2958 955 3061 ethaeo,
976 2985 1069 3040 cum
1089 2958 1199 3068 poris
1219 2959 1414 3040 instructa
1430 2960 1513 3040 sint
1528 2976 1569 3040 et
1586 2962 1678 3040 aire
1696 2963 1866 3070 repleta,
1886 2965 1972 3046 sine

594 3086 716 3168 dubio
748 3108 999 3190 summopere
1033 3077 1253 3162 induunt
1242 3109 1285 3162 ιιι
1313 3079 1523 3162 humorem
1560 3082 1735 3190 plentae,
1768 3088 1970 3194 processui

595 3205 889 3314 respirationis,
915 3203 1105 3286 inservire
1130 3202 1338 3309 videam,
1363 3204 1467 3286 sicut
1487 3203 1785 3314 porifoliorum.
1800 3209 1970 3318 Lignum

597 3357 678 3412 non
696 3327 923 3438 suppeditat
938 3327 1151 3408 humorem
1169 3326 1352 3430 vitalem,
1373 3327 1581 3408 materiam
1597 3331 1677 3438 qud
1698 3347 1829 3438 partes
1853 3346 1968 3413 norae

594 3451 841 3549 formantur,
862 3447 1082 3547 cambium3
1102 3448 1173 3530 sed
1188 3448 1329 3558 procul
1347 3448 1469 3530 dubio
1492 3479 1514 3529 e
1535 3449 1732 3534 meatibus
1753 3453 1972 3538 intercellu·

593 3574 745 3660 laribus
756 3571 1078 3684 perenchymatis
1094 3569 1253 3652 corticis
1271 3569 1372 3666 fluit.
1389 3570 1575 3654 Soliditae
1598 3573 1716 3686 ligni,
1735 3593 1783 3656 ut
1804 3577 1968 3658 Chemis

595 3699 726 3803 docet,
741 3709 898 3776 tantum
914 3691 1107 3802 dependet
1123 3720 1148 3768 ιι
1167 3691 1291 3799 gradu
1308 3690 1400 3797 plus
1416 3721 1600 3774 minusve
1607 3715 1797 3802 provecto
1814 3698 1967 3806 oxydn·

595 3820 715 3903 tionis
745 3814 994 3928 mucilaginis
1025 3831 1065 3894 et
1093 3811 1264 3893 aliarum
1291 3814 1566 3942 materiarum,
1592 3843 1615 3899 e
1644 3817 1790 3952 quibus
1818 3819 1966 3902 cellulae

593 3941 878 4050 producuntur.
1948 3979 1951 3986 ·

648 4125 941 4208 lucrementum
966 4123 1098 4210 trunti
1117 4119 1321 4234 peragitur
1338 4121 1442 4204 inter
1457 4118 1607 4208 librum
1625 4139 1665 4206 et
1683 4153 1829 4236 corpus
1847 4074 1968 4247 ligno·

592 4253 705 4348 sum,
725 4261 764 4324 et
780 4259 908 4330 novus
925 4247 1101 4358 quolibet
1118 4275 1223 4330 anno
1239 4245 1332 4328 libri
1349 4247 1519 4338 annulus
1536 4249 1680 4388 prodit
1700 4251 1860 4330 Etenim
1878 4281 1966 4335 cor

504 4359 508 4376 '
597 4381 665 4448 mx
691 4367 775 4454 oiri
791 4368 1002 4477 expositus
1020 4369 1202 4478 rigescit,
1222 4366 1387 4448 linditur
1411 4385 1451 4446 et
1480 4371 1659 4478 squamis
1682 4370 1910 4464 olidncitur
1917 4392 1970 4456 et
