4517 5867
596 574 639 661 54
1011 578 1169 649 manc.
1196 577 1285 647 mc.
1311 571 1601 645 scnonmsnr

593 779 635 855 L.
661 774 733 879 30,
757 788 782 885 ᾗ
804 802 828 857 2
847 777 886 855 ff.
907 777 945 855 h.
967 793 994 855 t.
1017 779 1102 857 Hac
1129 779 1240 852 enim
1258 775 1449 853 missione
1479 765 1710 847 considerat
1730 788 1881 878 praetor
1903 802 1968 854 mc

593 916 801 1010 tamquam
819 928 905 980 rem
924 924 999 1009 pro
1020 894 1211 977 derelicta
1229 894 1466 991 habentem,
1491 920 1542 972 eo
1566 891 1681 1003 quod
1709 894 1969 1001 obligationi,

592 1050 715 1133 quam
745 1023 853 1129 leges
875 1024 975 1101 mihi
1001 1018 1222 1127 imponunt
1240 1018 1284 1095 L.
1311 1015 1422 1116 15‚§
1448 1040 1462 1091 1
1486 1016 1528 1090 ff.
1552 1015 1603 1097 de
1627 1016 1778 1097 damno
1806 1019 1969 1123 iniecto,

591 1142 814 1223 satisfacere
833 1148 1064 1245 contrect03
1090 1141 1187 1219 hinc
1206 1141 1326 1219 etiam
1346 1138 1403 1233 is,
1419 1136 1492 1246 qui
1513 1162 1600 1214 rem
1627 1168 1675 1216 ex
1699 1139 1881 1221 secundo
1905 1143 1966 1223 dc·

591 1284 701 1347 creto
716 1248 917 1376 posside't,
938 1268 1123 1379 usucapit
1143 1292 1233 1345 eam
1254 1262 1370 1375 quasi
1391 1260 1512 1339 titulo
1534 1288 1611 1369 pro
1630 1258 1836 1341 derelicto.

613 1584 617 1595 .
642 1516 807 1619 Egimus
828 1516 1038 1626 hucusque
1053 1513 1105 1594 de
1127 1509 1346 1593 amittendi
1359 1509 1632 1616 possessione,
1646 1498 1768 1618 quam
1781 1536 1856 1617 per
1869 1494 1964 1591 nos·

591 1654 674 1715 met
703 1640 812 1743 ipsos
848 1637 1106 1735 detinemus,
1139 1636 1349 1716 videamus
1380 1660 1491 1711 nunc
1522 1630 1732 1741 quomodo
1761 1634 1965 1713 amittatur

589 1760 810 1864 possessio,
842 1786 966 1867 quam
998 1787 1072 1868 per
1110 1758 1234 1837 alium
1263 1776 1458 1837 tenemus.
1488 1756 1540 1834 Et
1567 1753 1736 1867 quidem
1767 1757 1965 1865 imprimis

589 1881 811 1960 amittimus
838 1880 949 1959 illam
977 1884 1293 1991 possessionem,
1315 1882 1350 1959 si
1377 1881 1436 1978 is,
1466 1881 1539 1988 qui
1567 1894 1707 1959 nostro
1732 1880 1897 1958 nomine
1918 1880 1963 1958 in

590 2005 842 2109 possessione
873 2023 953 2107 est,
975 2032 1023 2087 ex
1049 2008 1096 2085 ed
1124 2005 1357 2112 dejiciatur,
1381 2003 1451 2081 illo
1469 2003 1580 2082 enim
1602 2000 1754 2111 dejecto
1784 2029 1859 2081 nos
1884 2004 1962 2111 ipsi

589 2120 732 2230 dejecti
750 2126 939 2205 videmur
959 2131 1001 2205 L.
1027 2134 1109 2228 1,§
1133 2156 1200 2227 22,
1220 2130 1263 2206 L.
1284 2126 1354 2206 ult.
1378 2123 1428 2205 de
1449 2128 1489 2205 vi
1510 2142 1552 2205 et
1568 2128 1609 2205 vi
1628 2153 1746 2227 arm,
1764 2124 1832 2232 rel·
1846 2129 1880 2204 si
1898 2154 1962 2205 re·

589 2241 707 2321 lictus
731 2251 775 2323 in
801 2252 1055 2355 possessione
1080 2276 1170 2325 eam
1196 2252 1263 2324 aiii
1289 2250 1422 2330 tradat
1444 2252 1487 2327 L.
1507 2248 1575 2346 33,
1600 2258 1625 2353 §
1648 2248 1735 2345 Μ’.
1755 2248 1806 2329 de
1825 2237 1961 2357 usurp.
2098 2247 2103 2251 ⁴

588 2380 629 2443 et
656 2392 790 2466 usuc,
822 2382 893 2445 aut
916 2368 949 2445 si
980 2394 1056 2447 nos
1089 2366 1264 2448 fundum
1293 2365 1450 2473 ingredi
1475 2368 1658 2445 volentes
1687 2373 1876 2475 repellat,
1896 2388 1966 2448 aut
2011 2465 2016 2471 f

585 2488 621 2565 si
643 2484 740 2567 furti
763 2490 882 2568 causd
900 2517 987 2569 rem
1009 2508 1231 2570 contrectet
1248 2492 1290 2567 L.
1313 2488 1359 2588 3,
1380 2497 1405 2590 §
1430 2487 1475 2568 18
1494 2486 1535 2564 ff.
1555 2487 1592 2563 h.
1616 2504 1644 2565 t.
1664 2491 1871 2588 Quaeritur
1890 2520 1963 2572 au·

585 2626 668 2688 tem
697 2609 800 2722 quid
825 2613 1046 2694 dicendum
1072 2614 1146 2711 sit,
1177 2615 1210 2690 si
1229 2640 1265 2689 v.
1291 2638 1326 2714 g.
1358 2608 1625 2717 depositarius
1649 2609 1727 2689 sibi
1752 2613 1962 2720 possidere

585 2738 861 2835 constituerit,
886 2753 925 2816 at
951 2762 1039 2814 rem
1066 2732 1253 2815 nondum
1274 2733 1366 2811 loco
1384 2734 1582 2834 moverit,
1604 2760 1658 2811 an
1681 2733 1765 2812 sold
1785 2733 1855 2813 issa
1869 2734 1962 2813 infi-

586 2855 757 2933 ciatione
779 2860 970 2931 dominus
990 2859 1284 2959 possessionem
1308 2879 1422 2931 suam
1442 2854 1627 2932 amittet?
1651 2858 1703 2934 Et
1724 2857 1891 2961 quidem
1912 2886 1962 2937 ex

583 2976 626 3053 L.
648 2975 689 3074 3,
711 2980 737 3073 §
764 2977 809 3058 18
834 2974 875 3054 ff.
904 2977 941 3055 h.
962 2994 990 3053 t.
1008 2975 1173 3056 videtur
1189 2974 1268 3053 hoc
1292 3000 1377 3054 esse
1395 2972 1651 3077 negandum3
1673 2972 1821 3053 dicitur
1849 2973 1960 3057 eniin

583 3096 657 3175 hac
675 3101 720 3177 in
742 3098 829 3205 lege
850 3128 859 3179 ε
879 3098 951 3180 sed
968 3100 1002 3179 si
1024 3126 1113 3178 eam
1140 3098 1232 3177 loco
1263 3090 1350 3176 non
1377 3095 1553 3175 moveris
1578 3112 1619 3174 et
1645 3096 1850 3178 inficiandi
1871 3103 1962 3179 ani⁴

584 3242 698 3299 mum
722 3220 913 3324 haberes,
934 3223 1118 3333 plerique
1139 3238 1326 3301 veterum
1339 3221 1505 3301 Siamus
1529 3238 1572 3300 et
1587 3221 1744 3305 cissos
1764 3241 1873 3304 recte
1896 3252 1960 3306 re·

581 3346 853 3452 sponderunt,
870 3372 1143 3455 possessorem
1157 3373 1223 3425 me
1234 3371 1407 3423 manere.
1426 3346 1601 3423 Econtra
1615 3374 1713 3426 vero
1728 3374 1778 3427 ex
1794 3348 1838 3428 L.
1850 3346 1901 3458 dy
1919 3345 1957 3427 ff.

582 3466 621 3544 h.
639 3486 666 3545 t.
695 3472 894 3553 sententia
915 3470 1151 3553 affirmativa
1179 3468 1347 3549 serenda
1369 3462 1554 3562 videtur3
1584 3492 1678 3543 nam
1700 3466 1773 3547 hac
1803 3472 1847 3549 in
1870 3472 1957 3577 lege

582 3588 752 3667 dicitur:
767 3592 802 3669 si
830 3620 918 3669 rem
940 3597 1135 3669 mobilem
1152 3591 1261 3699 apud
1290 3608 1332 3671 te
1359 3588 1584 3697 depositam
1605 3606 1674 3667 aut
1698 3618 1748 3670 ex
1776 3618 1955 3669 commo-

581 3706 678 3789 dato
714 3710 791 3789 tibi
824 3709 1055 3819 possidere,
1086 3706 1221 3828 neque
1244 3711 1417 3794 reddere
1439 3713 1711 3805 constitueris,
1744 3711 1956 3793 confestim

581 3829 756 3909 amisisse
774 3858 840 3909 me
858 3834 1154 3940 possessionem
1169 3834 1234 3923 vel
1252 3838 1506 3943 ignorantem
1516 3858 1753 3939 responsum
1767 3849 1837 3912 est.
1852 3837 1954 3915 Duae

579 3950 719 4061 itaque
752 3949 828 4032 illae
855 3955 963 4062 leges
990 3954 1069 4036 sibi
1098 3960 1273 4040 invicem
1305 3954 1578 4038 contradicere
1602 3952 1814 4058 videntur,
1843 3958 1955 4037 unde

451 4140 454 4151 .
580 4076 791 4182 miseritur,
818 4078 980 4190 qualem
1009 4083 1053 4161 in
1076 4083 1299 4167 decidenda
1331 4082 1552 4195 quaestione
1579 4079 1797 4159 debeamus
1825 4085 1953 4192 sequi.

580 4198 632 4275 Et
652 4196 818 4308 quidem
833 4206 1017 4287 Hussnus
1030 4234 1090 4287 nr.
1116 4210 1143 4307 4
1163 4210 1267 4289 adh.
1286 4212 1346 4289 tit.
1362 4222 1491 4316 putat,
1510 4205 1608 4315 quia
1620 4231 1797 4314 corpore
1815 4208 1954 4318 acqui·

580 4321 686 4400 ritnr
698 4331 913 4432 possessio,
923 4325 1313 4443 sequi,iniiciatione
1327 4333 1386 4409 rei
1401 4330 1595 4438 depositae
1613 4346 1683 4407 aut
1692 4330 1952 4409 commodatae

578 4450 871 4549 possessionem
889 4480 972 4533 non
991 4458 1141 4559 amitti,
1162 4455 1234 4535 sed
1256 4481 1301 4533 re
1313 4452 1481 4532 demum
1499 4452 1618 4531 motai.
1635 4452 1708 4531 Ast
1726 4451 1949 4552 infundate,
