4517 5867
643 614 690 691 88
986 684 988 691 ,
1031 613 1190 691 mitte.
1214 613 1304 687 tsc.
1323 614 1614 687 schomrim

642 814 840 915 defuncti,
863 816 934 899 sed
959 816 1008 895 iis
1030 832 1189 895 tantum
1213 815 1285 925 qui
1310 815 1545 924 qualitatem
1563 808 1734 889 haeredis
1756 826 1798 888 et
1821 814 2011 897 saisinam

642 941 885 1037 habena-uti
901 938 1126 1019 luculenter
1138 952 1249 1044 patet
1266 965 1315 1017 ex
1331 954 1402 1017 art.
1415 936 1493 1043 724
1507 931 1607 1014 Cod.
1623 932 1810 1036 Civ.,nbi
1830 935 1977 1018 dicitnr
1998 970 2008 1017 ε

641 1063 695 1141 les
709 1062 883 1141 teriam
901 1061 1090 1168 digitum
1109 1077 1198 1140 sont
1214 1061 1329 1139 scrisit
1345 1058 1395 1137 de
1405 1058 1521 1166 pleirt
1536 1054 1641 1133 droit
1653 1053 1721 1133 der
1738 1056 1868 1154 biens,
1885 1058 2010 1139 droits

640 1198 681 1263 et
698 1185 851 1263 actions
869 1180 926 1261 du
948 1181 1109 1285 defleam
1133 1184 1163 1263 ii
1184 1184 1344 1293 itaque,
1372 1182 1444 1290 qui
1471 1177 1703 1288 qualitatem
1728 1177 1900 1259 haeredis
1925 1208 2012 1260 non

639 1303 808 1403 habent,
832 1307 904 1414 qui
927 1304 1127 1412 simplices
1157 1330 1404 1385 successores
1432 1317 1589 1380 tantum
1611 1301 1898 1398 nominantur,
1921 1330 2010 1383 non

637 1430 761 1533 magis
782 1428 1074 1536 possessionem
1095 1426 1276 1504 defuncti
1298 1426 1383 1503 sine
1408 1424 1729 1532 apprehensione
1751 1449 1843 1501 cum
1868 1428 2006 1503 animo

525 1562 528 1571 '
637 1548 714 1627 sibi
749 1545 926 1626 habendi
957 1548 1175 1653 acquirunt
1188 1605 1213 1642 „
1228 1574 1352 1652 quam
1381 1549 1635 1655 acquirerent
1668 1544 2005 1656 qualemcumque

640 1668 757 1746 aliam
777 1666 1080 1773 possessionem.
1105 1668 1368 1777 Prosequitur
1387 1669 1507 1747 etiam
1528 1685 1598 1747 ars
1621 1669 1698 1775 724
1717 1667 1891 1747 dicendo
1916 1697 1926 1747 τ
1953 1669 2010 1746 les

638 1790 782 1891 errfaru
807 1787 1003 1879 mearet,
1036 1786 1197 1895 l'e‘poux
1223 1793 1424 1869 servirent
1449 1806 1490 1867 et
1516 1790 1633 1867 Γέται
1655 1788 1809 1867 dor'reaat
1831 1816 1874 1868 se
1886 1792 2010 1893 sitriae

637 1937 804 2015 envoyer
821 1938 871 1991 en
883 1912 1102 2018 possession
1113 1939 1131 2003 ,·
1149 1937 1245 1989 nam
1257 1909 1320 1989 hm
1336 1937 1519 2019 personae
1532 1938 1619 1991 non
1640 1910 1806 1991 haeredis
1827 1912 1900 1993 sed
1919 1931 2008 1992 tan·

636 2048 724 2111 tum
742 2031 935 2139 simplicis
964 2034 1205 2109 successoris
1225 2032 1459 2141 qualitatem
1483 2032 1636 2113 habent
1661 2051 1731 2113 art
1755 2034 1834 2141 724
1855 2052 1897 2113 et
1921 2035 2005 2141 756

636 2153 736 2233 Cod.
757 2154 842 2233 Civ.
865 2152 1072 2252 Quaeritur
1095 2169 1249 2256 autem,
1269 2154 1372 2262 quid
1396 2154 1614 2235 dicendum
1634 2158 1688 2235 sit
1705 2155 1757 2235 de
1780 2156 2007 2260 legatariis?

634 2276 686 2355 Et
703 2271 886 2382 quidem,
898 2276 1027 2353 sinon
1041 2272 1281 2355 haberemus
1295 2278 1371 2356 nisi
1388 2294 1459 2356 art
1475 2278 1575 2384 724,
1582 2277 1826 2355 deberemus
1840 2275 1893 2354 de
1907 2279 2007 2355 Jure

634 2393 858 2497 Hodierno,
869 2396 927 2475 uti
938 2412 1030 2475 ante
1042 2394 1291 2477 Codieemde
1299 2400 1396 2475 Jure
1405 2397 1589 2474 moribus
1597 2399 1843 2474 etinstitutis
1851 2398 2005 2475 civium

635 2518 852 2597 constituto
872 2514 1001 2621 (droit
1019 2517 1280 2617 coutumier),
1298 2516 1449 2616 dicere,
1471 2516 1682 2618 legatarios
1698 2517 1999 2619 possessionem

633 2634 808 2716 defuncti
837 2638 925 2743 ipso
951 2636 1041 2743 jure
1065 2660 1149 2714 non
1174 2636 1409 2745 acquirere,
1447 2662 1498 2713 eo
1525 2632 1665 2743 quod,
1695 2645 1789 2713 cum
1816 2633 1926 2713 dicat
1954 2636 1997 2715 d.

632 2772 702 2837 art.
719 2757 796 2864 724
813 2758 866 2836 Les
879 2756 1049 2845 heritiers
1065 2756 1503 2847 teantmmtnculenter
1518 2773 1646 2866 patet,
1667 2754 1938 2862 legislatorem
1953 2757 2001 2837 in

632 2870 853 2981 redigendo
885 2868 963 2948 hoc
997 2882 1068 2945 art.
1100 2864 1275 2945 voluisse
1303 2872 1520 2957 excludere
1538 2879 1780 2979 legatarios,
1803 2878 2002 2981 quodque

633 2995 806 3103 proinde
824 2992 901 3102 ipsi
916 2986 1154 3100 applicanda
1171 2991 1224 3067 sit
1240 2988 1378 3093 regula
1393 2987 1588 3070 :inclusio
1603 2991 1727 3071 unius
1744 3008 1804 3070 est
1821 2994 2001 3075 exclusio

632 3117 805 3197 alterius.
826 3114 1038 3195 Contraria
1056 3130 1190 3195 tamen
1211 3113 1408 3191 sententia
1426 3113 1589 3193 nullum
1608 3111 1809 3193 desiderat
1826 3113 2002 3195 dubium
2039 3177 2045 3181 -

633 3266 682 3323 ert
705 3254 775 3317 art.
803 3234 924 3339 1006,
945 3234 1017 3315 ubi
1038 3234 1100 3337 id,
1123 3233 1236 3345 quod
1261 3236 1306 3313 in
1333 3252 1405 3314 art.
1430 3237 1509 3343 724
1535 3234 1690 3314 dictum
1712 3235 1790 3315 fuit
1817 3254 2002 3345 respectu

633 3343 2000 3467 haeredisdiciture'tiamrespectugtegatariiatuniversalistantumnon

632 3510 730 3563 vero
749 3480 937 3577 aliorum
954 3480 1010 3561 ita
1028 3480 1138 3565 enim
1153 3482 1209 3561 ait
1224 3480 1427 3586 legislator
1440 3482 1485 3559 in
1497 3481 1578 3561 hoc
1592 3482 1784 3565 articulo:
1799 3483 1998 3588 lorsqa'au
2068 3505 2070 3512 ’

634 3600 744 3685 deeris
767 3600 825 3687 da
849 3618 1040 3681 testateur
1062 3602 1101 3681 it.
1125 3664 1134 3679 .
1158 3660 1194 3683 ..
1221 3602 1258 3679 la
1285 3602 1477 3709 tegam
1508 3603 1697 3684 universe!
1716 3630 1803 3683 sera
1829 3600 1994 3680 raisida

626 3725 740 3836 plcin
759 3722 863 3805 droit
871 3750 956 3831 par
974 3724 1016 3803 la
1036 3741 1141 3803 mort
1152 3722 1211 3801 dre
1227 3739 1431 3818 testatem,
1448 3754 1542 3807 sans
1560 3728 1640 3805 ἔτη
1658 3742 1751 3803 tenu
1769 3722 1817 3803 de
1831 3719 1994 3799 &mara

634 3849 705 3929 der
723 3848 767 3927 la
783 3845 1014 3929 dsttvmncc.
1036 3846 1149 3931 Patet
1169 3846 1329 3955 itaque,
1342 3845 1575 3952 legatarium
1597 3841 1861 3929 universalem
1881 3842 1993 3921 saisi-

635 4000 730 4053 nam
746 3970 911 4071 habere,
921 3984 962 4049 et
975 3966 1145 4076 proinde
1155 3972 1444 4075 possessionem
1458 3971 1545 4076 ipso
1555 3968 1645 4075 jure
1658 3966 1881 4075 acquirere3
1896 3990 1992 4042 nam

635 4098 680 4179 in
694 4094 773 4177 hoc
787 4088 968 4181 consistit
976 4092 1126 4183 saisina.
1141 4092 1259 4175 Unde
1269 4121 1354 4173 non
1367 4092 1563 4172 inutiliter
1576 4089 1829 4188 ordinem,in
1837 4115 1921 4195 quo
1930 4087 1996 4165 lex

638 4219 821 4299 saisinam
833 4215 992 4313 tribuit,
1006 4215 1071 4293 hic
1086 4241 1225 4294 sumus
1235 4213 1383 4313 daturi,
1394 4217 1466 4327 qui
1483 4214 1549 4296 hic
1567 4228 1628 4295 est
1646 4242 1656 4291 :
1675 4209 1826 4291 scilicet
1844 4227 1885 4286 1⁰
1905 4208 1995 4287 loco

636 4341 870 4421 conceditur
886 4340 1029 4423 saisina
1046 4338 1095 4421 iis
1109 4336 1352 4438 haeredibus,
1366 4339 1518 4447 quibus
1535 4338 1600 4418 lex
1618 4350 1827 4417 conservat
1838 4348 1992 4441 partem

634 4460 870 4549 haereditatis
892 4459 1069 4543 defuncti
1094 4476 1166 4539 art
1193 4460 1293 4559 ιοο4
1314 4459 1412 4541 Cod.
1435 4461 1519 4541 Cir.
1542 4479 1588 4543 2⁰
1611 4458 1808 4567 legatariis
1829 4456 1989 4537 univer·
