<?xml version="1.0" encoding="UTF-8"?>
<!DOCTYPE html PUBLIC "-//W3C//DTD XHTML 1.0 Transitional//EN"
    "http://www.w3.org/TR/xhtml1/DTD/xhtml1-transitional.dtd">
<html xmlns="http://www.w3.org/1999/xhtml" xml:lang="en" lang="en">
 <head>
  <title>
</title>
<meta http-equiv="Content-Type" content="text/html;charset=utf-8" />
  <meta name='ocr-system' content='tesseract 3.04.00' />
  <meta name='ocr-capabilities' content='ocr_page ocr_carea ocr_par ocr_line ocrx_word'/>
</head>
<body>
  <div class='ocr_page' id='page_1' title='image "annalesacademia01goog_0503.png"; bbox 0 0 4517 5867; ppageno 0'>
   <div class='ocr_carea' id='block_1_1' title="bbox 644 640 1283 761">
    <p class='ocr_par' dir='ltr' id='par_1_1' title="bbox 644 640 1283 761">
     <span class='ocr_line' id='line_1_1' title="bbox 644 640 1283 761; baseline -0.002 -46"><span class='ocrx_word' id='word_1_1' title='bbox 644 754 648 761; x_wconf 21' lang='grc' dir='ltr'>ι</span> <span class='ocrx_word' id='word_1_2' title='bbox 715 640 1047 719; x_wconf 73' lang='lat' dir='ltr'><strong>mssnurarto</strong></span> <span class='ocrx_word' id='word_1_3' title='bbox 1070 644 1283 718; x_wconf 73' lang='lat' dir='ltr'><strong>numus.</strong></span> 
     </span>
    </p>
   </div>
   <div class='ocr_carea' id='block_1_2' title="bbox 432 830 1659 1133">
    <p class='ocr_par' dir='ltr' id='par_1_2' title="bbox 432 830 1659 1133">
     <span class='ocr_line' id='line_1_2' title="bbox 870 830 1147 936; baseline 0.004 -1"><span class='ocrx_word' id='word_1_4' title='bbox 870 863 1033 935; x_wconf 73' lang='lat' dir='ltr'><strong>staur</strong></span> <span class='ocrx_word' id='word_1_5' title='bbox 1059 830 1147 936; x_wconf 65' lang='grc' dir='ltr'>ιιι.</span> 
     </span>
     <span class='ocr_line' id='line_1_3' title="bbox 432 1008 1659 1133; baseline -0.004 -1"><span class='ocrx_word' id='word_1_6' title='bbox 432 1064 491 1132; x_wconf 83' lang='lat' dir='ltr'><strong>nn</strong></span> <span class='ocrx_word' id='word_1_7' title='bbox 512 1062 791 1133; x_wconf 77' lang='lat' dir='ltr'><strong>oncsnonuu</strong></span> <span class='ocrx_word' id='word_1_8' title='bbox 813 1060 1104 1130; x_wconf 78' lang='lat' dir='ltr'><strong>nrsrosrnonn</strong></span> <span class='ocrx_word' id='word_1_9' title='bbox 1126 1060 1183 1127; x_wconf 84' lang='grc' dir='ltr'><strong>ιι</strong></span> <span class='ocrx_word' id='word_1_10' title='bbox 1202 1060 1339 1128; x_wconf 83' lang='grc' dir='ltr'>ιιιιιι</span> <span class='ocrx_word' id='word_1_11' title='bbox 1359 1058 1574 1128; x_wconf 75' lang='lat' dir='ltr'><strong>nonnoso.</strong></span> <span class='ocrx_word' id='word_1_12' title='bbox 1654 1008 1659 1017; x_wconf 36' lang='lat'>⁸</span> 
     </span>
    </p>
   </div>
   <div class='ocr_carea' id='block_1_3' title="bbox 319 1253 1782 1734">
    <p class='ocr_par' dir='ltr' id='par_1_3' title="bbox 319 1253 1782 1734">
     <span class='ocr_line' id='line_1_4' title="bbox 373 1253 1693 1374; baseline -0.005 -29"><span class='ocrx_word' id='word_1_13' title='bbox 373 1266 601 1374; x_wconf 81' lang='lat' dir='ltr'><strong>Antequam</strong></span> <span class='ocrx_word' id='word_1_14' title='bbox 621 1263 873 1372; x_wconf 83' lang='lat' dir='ltr'>explicentur</span> <span class='ocrx_word' id='word_1_15' title='bbox 892 1253 1161 1367; x_wconf 71' lang='lat' dir='ltr'><strong>generationis</strong></span> <span class='ocrx_word' id='word_1_16' title='bbox 1184 1285 1355 1366; x_wconf 83' lang='lat' dir='ltr'><strong>organa,</strong></span> <span class='ocrx_word' id='word_1_17' title='bbox 1376 1258 1693 1346; x_wconf 84' lang='lat' dir='ltr'><strong>fermentationis</strong></span> 
     </span>
     <span class='ocr_line' id='line_1_5' title="bbox 320 1380 1696 1491; baseline -0.004 -27"><span class='ocrx_word' id='word_1_18' title='bbox 320 1386 473 1491; x_wconf 88' lang='lat' dir='ltr'><strong>species</strong></span> <span class='ocrx_word' id='word_1_19' title='bbox 497 1382 662 1463; x_wconf 79' lang='lat' dir='ltr'><strong>occultae</strong></span> <span class='ocrx_word' id='word_1_20' title='bbox 683 1384 729 1463; x_wconf 92' lang='grc' dir='ltr'><strong>ιιι</strong></span> <span class='ocrx_word' id='word_1_21' title='bbox 756 1410 925 1491; x_wconf 87' lang='lat' dir='ltr'><strong>corpore</strong></span> <span class='ocrx_word' id='word_1_22' title='bbox 953 1398 1212 1490; x_wconf 83' lang='lat' dir='ltr'><strong>procreatur,</strong></span> <span class='ocrx_word' id='word_1_23' title='bbox 1238 1407 1320 1490; x_wconf 91' lang='lat' dir='ltr'><strong>qua</strong></span> <span class='ocrx_word' id='word_1_24' title='bbox 1344 1398 1552 1460; x_wconf 84' lang='lat' dir='ltr'><strong>mutantur</strong></span> <span class='ocrx_word' id='word_1_25' title='bbox 1572 1380 1696 1459; x_wconf 83' lang='lat' dir='ltr'><strong>inian-</strong></span> 
     </span>
     <span class='ocr_line' id='line_1_6' title="bbox 319 1500 1782 1610; baseline -0.003 -25"><span class='ocrx_word' id='word_1_26' title='bbox 319 1506 371 1585; x_wconf 91' lang='lat' dir='ltr'><strong>tis</strong></span> <span class='ocrx_word' id='word_1_27' title='bbox 390 1530 523 1585; x_wconf 85' lang='lat' dir='ltr'><strong>mores</strong></span> <span class='ocrx_word' id='word_1_28' title='bbox 542 1507 583 1583; x_wconf 83' lang='lat' dir='ltr'><strong>et</strong></span> <span class='ocrx_word' id='word_1_29' title='bbox 601 1501 783 1605; x_wconf 73' lang='lat' dir='ltr'><strong>indoles,</strong></span> <span class='ocrx_word' id='word_1_30' title='bbox 797 1500 1002 1585; x_wconf 77' lang='lat' dir='ltr'><strong>&#39;continuo</strong></span> <span class='ocrx_word' id='word_1_31' title='bbox 1029 1502 1132 1583; x_wconf 86' lang='lat' dir='ltr'><strong>ideis</strong></span> <span class='ocrx_word' id='word_1_32' title='bbox 1158 1502 1278 1582; x_wconf 79' lang='lat' dir='ltr'><strong>novis</strong></span> <span class='ocrx_word' id='word_1_33' title='bbox 1295 1500 1552 1610; x_wconf 87' lang='lat' dir='ltr'><strong>insolitisque</strong></span> <span class='ocrx_word' id='word_1_34' title='bbox 1571 1501 1698 1582; x_wconf 88' lang='lat' dir='ltr'><strong>sensi-</strong></span> <span class='ocrx_word' id='word_1_35' title='bbox 1738 1502 1743 1509; x_wconf 79' lang='grc'>’</span> <span class='ocrx_word' id='word_1_36' title='bbox 1779 1558 1782 1561; x_wconf 82' lang='lat'><em>-</em></span> 
     </span>
     <span class='ocr_line' id='line_1_7' title="bbox 320 1621 1698 1734; baseline -0.002 -28"><span class='ocrx_word' id='word_1_37' title='bbox 320 1624 399 1706; x_wconf 89' lang='lat' dir='ltr'><strong>bus</strong></span> <span class='ocrx_word' id='word_1_38' title='bbox 418 1624 653 1707; x_wconf 84' lang='lat' dir='ltr'><strong>distrahitur</strong></span> <span class='ocrx_word' id='word_1_39' title='bbox 669 1628 804 1706; x_wconf 82' lang='lat' dir='ltr'><strong>anima</strong></span> <span class='ocrx_word' id='word_1_40' title='bbox 818 1624 921 1734; x_wconf 79' lang='lat' dir='ltr'><strong>ejus,</strong></span> <span class='ocrx_word' id='word_1_41' title='bbox 933 1623 1120 1705; x_wconf 87' lang='lat' dir='ltr'><strong>indocilis</strong></span> <span class='ocrx_word' id='word_1_42' title='bbox 1133 1622 1195 1726; x_wconf 77' lang='lat' dir='ltr'><strong>fit,</strong></span> <span class='ocrx_word' id='word_1_43' title='bbox 1206 1621 1414 1726; x_wconf 79' lang='lat' dir='ltr'><strong>turbidus,</strong></span> <span class='ocrx_word' id='word_1_44' title='bbox 1427 1640 1468 1703; x_wconf 91' lang='lat' dir='ltr'><strong>et</strong></span> <span class='ocrx_word' id='word_1_45' title='bbox 1479 1640 1590 1704; x_wconf 84' lang='lat' dir='ltr'><strong>totus</strong></span> <span class='ocrx_word' id='word_1_46' title='bbox 1605 1636 1698 1703; x_wconf 77' lang='lat' dir='ltr'><strong>con-⁴</strong></span> 
     </span>
    </p>
   </div>
   <div class='ocr_carea' id='block_1_4' title="bbox 205 1744 1698 1859">
    <p class='ocr_par' dir='ltr' id='par_1_4' title="bbox 205 1744 1698 1859">
     <span class='ocr_line' id='line_1_8' title="bbox 205 1744 1698 1859; baseline -0.011 -21"><span class='ocrx_word' id='word_1_47' title='bbox 205 1832 208 1838; x_wconf 90' lang='grc'><em>,</em></span> <span class='ocrx_word' id='word_1_48' title='bbox 321 1765 531 1859; x_wconf 84' lang='lat' dir='ltr'><strong>quassatur</strong></span> <span class='ocrx_word' id='word_1_49' title='bbox 556 1754 767 1855; x_wconf 75' lang='lat' dir='ltr'><strong>processus</strong></span> <span class='ocrx_word' id='word_1_50' title='bbox 793 1747 934 1829; x_wconf 82' lang='lat' dir='ltr'><strong>vitalis.</strong></span> <span class='ocrx_word' id='word_1_51' title='bbox 963 1749 1073 1826; x_wconf 88' lang='lat' dir='ltr'><strong>Dum</strong></span> <span class='ocrx_word' id='word_1_52' title='bbox 1109 1744 1284 1825; x_wconf 85' lang='lat' dir='ltr'><strong>infertur</strong></span> <span class='ocrx_word' id='word_1_53' title='bbox 1313 1772 1428 1825; x_wconf 84' lang='lat' dir='ltr'><strong>mora</strong></span> <span class='ocrx_word' id='word_1_54' title='bbox 1458 1760 1501 1825; x_wconf 90' lang='lat' dir='ltr'><strong>et</strong></span> <span class='ocrx_word' id='word_1_55' title='bbox 1523 1744 1698 1854; x_wconf 84' lang='lat' dir='ltr'><strong>impedi·</strong></span> 
     </span>
    </p>
   </div>
   <div class='ocr_carea' id='block_1_5' title="bbox 272 1865 1700 2098">
    <p class='ocr_par' dir='ltr' id='par_1_5' title="bbox 272 1865 1700 2098">
     <span class='ocr_line' id='line_1_9' title="bbox 272 1865 1700 1974; baseline 0.001 -28"><span class='ocrx_word' id='word_1_56' title='bbox 272 1880 281 1892; x_wconf 88' lang='lat'>&#39;</span> <span class='ocrx_word' id='word_1_57' title='bbox 322 1884 508 1947; x_wconf 87' lang='lat' dir='ltr'><strong>mentum</strong></span> <span class='ocrx_word' id='word_1_58' title='bbox 535 1868 760 1971; x_wconf 74' lang='lat' dir='ltr'><strong>pubertatis</strong></span> <span class='ocrx_word' id='word_1_59' title='bbox 788 1865 984 1971; x_wconf 85' lang='lat' dir='ltr'><strong>periodo,</strong></span> <span class='ocrx_word' id='word_1_60' title='bbox 1021 1884 1110 1947; x_wconf 89' lang='lat' dir='ltr'><strong>tum</strong></span> <span class='ocrx_word' id='word_1_61' title='bbox 1143 1866 1393 1974; x_wconf 74' lang='lat' dir='ltr'><strong>promititur</strong></span> <span class='ocrx_word' id='word_1_62' title='bbox 1422 1867 1543 1948; x_wconf 81' lang='lat' dir='ltr'><strong>etiam</strong></span> <span class='ocrx_word' id='word_1_63' title='bbox 1572 1883 1700 1947; x_wconf 78' lang='lat' dir='ltr'><strong>status</strong></span> 
     </span>
     <span class='ocr_line' id='line_1_10' title="bbox 321 1980 1698 2098; baseline -0.001 -30"><span class='ocrx_word' id='word_1_64' title='bbox 321 1988 511 2098; x_wconf 86' lang='lat' dir='ltr'><strong>physicus</strong></span> <span class='ocrx_word' id='word_1_65' title='bbox 532 2012 578 2065; x_wconf 90' lang='lat' dir='ltr'><strong>ac</strong></span> <span class='ocrx_word' id='word_1_66' title='bbox 598 1984 760 2064; x_wconf 85' lang='lat' dir='ltr'><strong>moralis</strong></span> <span class='ocrx_word' id='word_1_67' title='bbox 780 1980 970 2089; x_wconf 77' lang='lat' dir='ltr'><strong>tutantia,</strong></span> <span class='ocrx_word' id='word_1_68' title='bbox 987 2010 1062 2064; x_wconf 89' lang='lat' dir='ltr'><strong>nec</strong></span> <span class='ocrx_word' id='word_1_69' title='bbox 1082 1989 1329 2068; x_wconf 82' lang='lat' dir='ltr'><strong>mutationes</strong></span> <span class='ocrx_word' id='word_1_70' title='bbox 1352 1988 1478 2069; x_wconf 79' lang='lat' dir='ltr'><strong>solitas</strong></span> <span class='ocrx_word' id='word_1_71' title='bbox 1499 1989 1698 2069; x_wconf 91' lang='lat' dir='ltr'><strong>incidunt.</strong></span> 
     </span>
    </p>
   </div>
   <div class='ocr_carea' id='block_1_6' title="bbox 376 2175 1700 2285">
    <p class='ocr_par' dir='ltr' id='par_1_6' title="bbox 376 2175 1700 2285">
     <span class='ocr_line' id='line_1_11' title="bbox 376 2175 1700 2285; baseline -0.005 -25"><span class='ocrx_word' id='word_1_72' title='bbox 376 2179 495 2260; x_wconf 88' lang='lat' dir='ltr'><strong>Actio</strong></span> <span class='ocrx_word' id='word_1_73' title='bbox 516 2204 765 2285; x_wconf 84' lang='lat' dir='ltr'><strong>organorum</strong></span> <span class='ocrx_word' id='word_1_74' title='bbox 791 2176 1042 2283; x_wconf 85' lang='lat' dir='ltr'><strong>generationi</strong></span> <span class='ocrx_word' id='word_1_75' title='bbox 1065 2175 1371 2258; x_wconf 83' lang='lat' dir='ltr'><strong>inservientium</strong></span> <span class='ocrx_word' id='word_1_76' title='bbox 1397 2177 1442 2253; x_wconf 92' lang='lat' dir='ltr'><strong>in</strong></span> <span class='ocrx_word' id='word_1_77' title='bbox 1467 2177 1592 2256; x_wconf 86' lang='lat' dir='ltr'><strong>vitam</strong></span> <span class='ocrx_word' id='word_1_78' title='bbox 1609 2202 1700 2259; x_wconf 71' lang='lat' dir='ltr'><strong>mo-v</strong></span> 
     </span>
    </p>
   </div>
   <div class='ocr_carea' id='block_1_7' title="bbox 189 2295 1702 2409">
    <p class='ocr_par' dir='ltr' id='par_1_7' title="bbox 189 2295 1702 2409">
     <span class='ocr_line' id='line_1_12' title="bbox 189 2295 1702 2409; baseline -0.004 -24"><span class='ocrx_word' id='word_1_79' title='bbox 189 2370 190 2375; x_wconf 22' lang='grc' dir='ltr'>ι</span> <span class='ocrx_word' id='word_1_80' title='bbox 326 2301 452 2384; x_wconf 84' lang='lat' dir='ltr'><strong>ralem</strong></span> <span class='ocrx_word' id='word_1_81' title='bbox 474 2317 516 2381; x_wconf 91' lang='lat' dir='ltr'><strong>et</strong></span> <span class='ocrx_word' id='word_1_82' title='bbox 540 2301 665 2381; x_wconf 89' lang='lat' dir='ltr'><strong>animi</strong></span> <span class='ocrx_word' id='word_1_83' title='bbox 688 2298 915 2409; x_wconf 85' lang='lat' dir='ltr'><strong>pathemata</strong></span> <span class='ocrx_word' id='word_1_84' title='bbox 940 2297 1139 2406; x_wconf 88' lang='lat' dir='ltr'><strong>probatur</strong></span> <span class='ocrx_word' id='word_1_85' title='bbox 1160 2297 1313 2400; x_wconf 81' lang='lat' dir='ltr'><strong>adhuc,</strong></span> <span class='ocrx_word' id='word_1_86' title='bbox 1342 2295 1443 2376; x_wconf 92' lang='lat' dir='ltr'><strong>dum</strong></span> <span class='ocrx_word' id='word_1_87' title='bbox 1463 2296 1702 2379; x_wconf 85' lang='lat' dir='ltr'><strong>mutilantur</strong></span> 
     </span>
    </p>
   </div>
   <div class='ocr_carea' id='block_1_8' title="bbox 326 2419 1704 2681">
    <p class='ocr_par' dir='ltr' id='par_1_8' title="bbox 326 2419 1702 2651">
     <span class='ocr_line' id='line_1_13' title="bbox 326 2419 1702 2536; baseline -0.003 -32"><span class='ocrx_word' id='word_1_88' title='bbox 326 2424 463 2536; x_wconf 87' lang='lat' dir='ltr'><strong>aliqua</strong></span> <span class='ocrx_word' id='word_1_89' title='bbox 501 2424 673 2505; x_wconf 87' lang='lat' dir='ltr'><strong>istorum</strong></span> <span class='ocrx_word' id='word_1_90' title='bbox 703 2448 963 2530; x_wconf 82' lang='lat' dir='ltr'><strong>organorum.</strong></span> <span class='ocrx_word' id='word_1_91' title='bbox 994 2420 1190 2502; x_wconf 76' lang='lat' dir='ltr'><strong>Castratio</strong></span> <span class='ocrx_word' id='word_1_92' title='bbox 1222 2420 1453 2524; x_wconf 79' lang='lat' dir='ltr'><strong>hominem,</strong></span> <span class='ocrx_word' id='word_1_93' title='bbox 1474 2419 1589 2529; x_wconf 86' lang='lat' dir='ltr'><strong>cujus</strong></span> <span class='ocrx_word' id='word_1_94' title='bbox 1615 2421 1702 2500; x_wconf 89' lang='lat' dir='ltr'><strong>ani·</strong></span> 
     </span>
     <span class='ocr_line' id='line_1_14' title="bbox 327 2542 1704 2681; baseline -0.003 -55"><span class='ocrx_word' id='word_1_95' title='bbox 327 2574 420 2627; x_wconf 90' lang='lat' dir='ltr'><strong>mus</strong></span> <span class='ocrx_word' id='word_1_96' title='bbox 439 2564 580 2627; x_wconf 85' lang='lat' dir='ltr'><strong>natura</strong></span> <span class='ocrx_word' id='word_1_97' title='bbox 599 2573 769 2651; x_wconf 88' lang='lat' dir='ltr'><strong>magnus</strong></span> <span class='ocrx_word' id='word_1_98' title='bbox 787 2564 849 2628; x_wconf 90' lang='lat' dir='ltr'><strong>est</strong></span> <span class='ocrx_word' id='word_1_99' title='bbox 870 2562 912 2627; x_wconf 89' lang='lat' dir='ltr'><strong>et</strong></span> <span class='ocrx_word' id='word_1_100' title='bbox 932 2544 1112 2625; x_wconf 85' lang='lat' dir='ltr'><strong>excelsus</strong></span> <span class='ocrx_word' id='word_1_101' title='bbox 1118 2542 1370 2681; x_wconf 74' lang='lat' dir='ltr'><strong>,debilem‚</strong></span> <span class='ocrx_word' id='word_1_102' title='bbox 1358 2543 1704 2650; x_wconf 59' lang='lat' dir='ltr'><strong>rgnavummctio·</strong></span> 
     </span>
    </p>
   </div>
   <div class='ocr_carea' id='block_1_9' title="bbox 218 2664 1706 2896">
    <p class='ocr_par' dir='ltr' id='par_1_9' title="bbox 218 2664 1706 2896">
     <span class='ocr_line' id='line_1_15' title="bbox 218 2664 1706 2798; baseline -0.001 -55"><span class='ocrx_word' id='word_1_103' title='bbox 218 2666 222 2671; x_wconf 83' lang='grc'><strong>’</strong></span> <span class='ocrx_word' id='word_1_104' title='bbox 327 2668 391 2743; x_wconf 89' lang='lat' dir='ltr'><strong>nis</strong></span> <span class='ocrx_word' id='word_1_105' title='bbox 410 2668 597 2771; x_wconf 79' lang='lat' dir='ltr'><strong>ineptum</strong></span> <span class='ocrx_word' id='word_1_106' title='bbox 616 2666 780 2747; x_wconf 85' lang='lat' dir='ltr'><strong>reddit</strong></span> <span class='ocrx_word' id='word_1_107' title='bbox 764 2694 974 2798; x_wconf 66' lang='lat' dir='ltr'><strong>ingenuae,</strong></span> <span class='ocrx_word' id='word_1_108' title='bbox 994 2664 1223 2777; x_wconf 83' lang='lat' dir='ltr'><strong>frangitque</strong></span> <span class='ocrx_word' id='word_1_109' title='bbox 1242 2665 1408 2743; x_wconf 75' lang='lat' dir='ltr'><strong>animm</strong></span> <span class='ocrx_word' id='word_1_110' title='bbox 1424 2666 1556 2744; x_wconf 85' lang='lat' dir='ltr'><strong>Docet</strong></span> <span class='ocrx_word' id='word_1_111' title='bbox 1573 2664 1706 2743; x_wconf 85' lang='lat' dir='ltr'><strong>obser·</strong></span> 
     </span>
     <span class='ocr_line' id='line_1_16' title="bbox 328 2779 1706 2896; baseline 0 -33"><span class='ocrx_word' id='word_1_112' title='bbox 328 2786 455 2884; x_wconf 79' lang='lat' dir='ltr'><strong>vatio,</strong></span> <span class='ocrx_word' id='word_1_113' title='bbox 484 2782 672 2863; x_wconf 91' lang='lat' dir='ltr'><strong>homines</strong></span> <span class='ocrx_word' id='word_1_114' title='bbox 702 2782 775 2892; x_wconf 88' lang='lat' dir='ltr'><strong>qui</strong></span> <span class='ocrx_word' id='word_1_115' title='bbox 805 2779 974 2859; x_wconf 84' lang='lat' dir='ltr'><strong>adverso</strong></span> <span class='ocrx_word' id='word_1_116' title='bbox 1008 2804 1101 2855; x_wconf 85' lang='lat' dir='ltr'><strong>casu</strong></span> <span class='ocrx_word' id='word_1_117' title='bbox 1136 2786 1325 2855; x_wconf 74' lang='lat' dir='ltr'><strong>membro</strong></span> <span class='ocrx_word' id='word_1_118' title='bbox 1356 2784 1706 2896; x_wconf 61' lang='lat' dir='ltr'><strong>similabantur,</strong></span> 
     </span>
    </p>
   </div>
   <div class='ocr_carea' id='block_1_10' title="bbox 329 2896 1706 3010">
    <p class='ocr_par' dir='ltr' id='par_1_10' title="bbox 329 2896 1706 3010">
     <span class='ocr_line' id='line_1_17' title="bbox 329 2896 1706 3010; baseline -0.001 -25"><span class='ocrx_word' id='word_1_119' title='bbox 329 2904 541 2986; x_wconf 86' lang='lat' dir='ltr'><strong>hilaritatis</strong></span> <span class='ocrx_word' id='word_1_120' title='bbox 562 2919 762 2983; x_wconf 80' lang='lat' dir='ltr'><strong>consuetae</strong></span> <span class='ocrx_word' id='word_1_121' title='bbox 784 2900 978 3010; x_wconf 85' lang='lat' dir='ltr'><strong>jacturam</strong></span> <span class='ocrx_word' id='word_1_122' title='bbox 997 2897 1149 2997; x_wconf 89' lang='lat' dir='ltr'><strong>lacere,</strong></span> <span class='ocrx_word' id='word_1_123' title='bbox 1178 2913 1220 2977; x_wconf 87' lang='lat' dir='ltr'><strong>et</strong></span> <span class='ocrx_word' id='word_1_124' title='bbox 1243 2896 1469 2979; x_wconf 89' lang='lat' dir='ltr'><strong>amissionis</strong></span> <span class='ocrx_word' id='word_1_125' title='bbox 1494 2898 1615 3009; x_wconf 87' lang='lat' dir='ltr'><strong>hujus</strong></span> <span class='ocrx_word' id='word_1_126' title='bbox 1640 2931 1706 2985; x_wconf 88' lang='lat' dir='ltr'><strong>re·</strong></span> 
     </span>
    </p>
   </div>
   <div class='ocr_carea' id='block_1_11' title="bbox 329 2958 1262 3147">
    <p class='ocr_par' dir='ltr' id='par_1_11' title="bbox 329 2958 1262 3147">
     <span class='ocr_line' id='line_1_18' title="bbox 329 2958 1262 3147; baseline -0.011 -38"><span class='ocrx_word' id='word_1_127' title='bbox 329 3026 568 3110; x_wconf 84' lang='lat' dir='ltr'><strong>cordatione</strong></span> <span class='ocrx_word' id='word_1_128' title='bbox 595 3040 790 3147; x_wconf 73' lang='lat' dir='ltr'><strong>perpetua</strong></span> <span class='ocrx_word' id='word_1_129' title='bbox 812 3023 994 3135; x_wconf 80' lang='lat' dir='ltr'><strong>opprimi</strong></span> <span class='ocrx_word' id='word_1_130' title='bbox 982 2958 1262 3128; x_wconf 74' lang='lat' dir='ltr'><strong>&#39;aegritddine</strong></span> 
     </span>
    </p>
   </div>
   <div class='ocr_carea' id='block_1_12' title="bbox 266 3208 1709 4053">
    <p class='ocr_par' dir='ltr' id='par_1_12' title="bbox 266 3208 1709 4053">
     <span class='ocr_line' id='line_1_19' title="bbox 386 3208 1707 3325; baseline 0.002 -30"><span class='ocrx_word' id='word_1_131' title='bbox 386 3208 647 3298; x_wconf 83' lang='lat' dir='ltr'><strong>Graviditatis</strong></span> <span class='ocrx_word' id='word_1_132' title='bbox 667 3233 852 3325; x_wconf 87' lang='lat' dir='ltr'><strong>tempore</strong></span> <span class='ocrx_word' id='word_1_133' title='bbox 875 3214 1066 3295; x_wconf 85' lang='lat' dir='ltr'><strong>mulieres</strong></span> <span class='ocrx_word' id='word_1_134' title='bbox 1085 3212 1368 3293; x_wconf 83' lang='lat' dir='ltr'><strong>irritabiliores</strong></span> <span class='ocrx_word' id='word_1_135' title='bbox 1386 3231 1502 3318; x_wconf 81' lang='lat' dir='ltr'><strong>sunt,</strong></span> <span class='ocrx_word' id='word_1_136' title='bbox 1519 3213 1707 3297; x_wconf 75' lang='lat' dir='ltr'><strong>facillime</strong></span> 
     </span>
     <span class='ocr_line' id='line_1_20' title="bbox 266 3335 1708 3456; baseline -0.002 -36"><span class='ocrx_word' id='word_1_137' title='bbox 266 3447 267 3456; x_wconf 13' lang='grc' dir='ltr'><strong><em>Ν</em></strong></span> <span class='ocrx_word' id='word_1_138' title='bbox 331 3355 568 3442; x_wconf 79' lang='lat' dir='ltr'><strong>moventur,</strong></span> <span class='ocrx_word' id='word_1_139' title='bbox 587 3356 629 3419; x_wconf 88' lang='lat' dir='ltr'><strong>et</strong></span> <span class='ocrx_word' id='word_1_140' title='bbox 646 3336 866 3449; x_wconf 88' lang='lat' dir='ltr'><strong>aliquando</strong></span> <span class='ocrx_word' id='word_1_141' title='bbox 886 3338 1088 3447; x_wconf 90' lang='lat' dir='ltr'><strong>appetitus</strong></span> <span class='ocrx_word' id='word_1_142' title='bbox 1111 3338 1289 3419; x_wconf 85' lang='lat' dir='ltr'><strong>existunt</strong></span> <span class='ocrx_word' id='word_1_143' title='bbox 1309 3338 1403 3417; x_wconf 90' lang='lat' dir='ltr'><strong>tetri</strong></span> <span class='ocrx_word' id='word_1_144' title='bbox 1421 3354 1462 3416; x_wconf 91' lang='lat' dir='ltr'><strong>et</strong></span> <span class='ocrx_word' id='word_1_145' title='bbox 1481 3335 1708 3417; x_wconf 86' lang='lat' dir='ltr'><strong>inclinatio-</strong></span> 
     </span>
     <span class='ocr_line' id='line_1_21' title="bbox 333 3458 1707 3566; baseline -0.002 -24"><span class='ocrx_word' id='word_1_146' title='bbox 333 3489 415 3543; x_wconf 91' lang='lat' dir='ltr'><strong>nes.</strong></span> <span class='ocrx_word' id='word_1_147' title='bbox 443 3460 555 3543; x_wconf 89' lang='lat' dir='ltr'><strong>Dum</strong></span> <span class='ocrx_word' id='word_1_148' title='bbox 580 3459 714 3542; x_wconf 87' lang='lat' dir='ltr'><strong>fluunt</strong></span> <span class='ocrx_word' id='word_1_149' title='bbox 739 3478 965 3562; x_wconf 79' lang='lat' dir='ltr'><strong>menstrua,</strong></span> <span class='ocrx_word' id='word_1_150' title='bbox 991 3458 1264 3541; x_wconf 86' lang='lat' dir='ltr'><strong>sensibiliores</strong></span> <span class='ocrx_word' id='word_1_151' title='bbox 1286 3458 1408 3537; x_wconf 90' lang='lat' dir='ltr'><strong>etiam</strong></span> <span class='ocrx_word' id='word_1_152' title='bbox 1435 3474 1532 3537; x_wconf 87' lang='lat' dir='ltr'><strong>sunt</strong></span> <span class='ocrx_word' id='word_1_153' title='bbox 1556 3474 1598 3538; x_wconf 90' lang='lat' dir='ltr'><strong>et</strong></span> <span class='ocrx_word' id='word_1_154' title='bbox 1616 3485 1707 3566; x_wconf 87' lang='lat' dir='ltr'><strong>pas-</strong></span> 
     </span>
     <span class='ocr_line' id='line_1_22' title="bbox 332 3578 1709 3694; baseline -0.003 -29"><span class='ocrx_word' id='word_1_155' title='bbox 332 3584 520 3665; x_wconf 85' lang='lat' dir='ltr'><strong>sionibus</strong></span> <span class='ocrx_word' id='word_1_156' title='bbox 540 3608 735 3694; x_wconf 85' lang='lat' dir='ltr'><strong>properae.</strong></span> <span class='ocrx_word' id='word_1_157' title='bbox 759 3582 887 3693; x_wconf 84' lang='lat' dir='ltr'><strong>Major</strong></span> <span class='ocrx_word' id='word_1_158' title='bbox 909 3581 1158 3663; x_wconf 86' lang='lat' dir='ltr'><strong>irritabilitas</strong></span> <span class='ocrx_word' id='word_1_159' title='bbox 1177 3579 1401 3661; x_wconf 68' lang='lat' dir='ltr'><strong>sensualium</strong></span> <span class='ocrx_word' id='word_1_160' title='bbox 1423 3578 1600 3687; x_wconf 88' lang='lat' dir='ltr'><strong>partium</strong></span> <span class='ocrx_word' id='word_1_161' title='bbox 1619 3606 1709 3690; x_wconf 89' lang='lat' dir='ltr'><strong>quae</strong></span> 
     </span>
     <span class='ocr_line' id='line_1_23' title="bbox 333 3699 1709 3816; baseline -0.002 -33"><span class='ocrx_word' id='word_1_162' title='bbox 333 3703 612 3793; x_wconf 85' lang='lat' dir='ltr'><strong>indubitanter</strong></span> <span class='ocrx_word' id='word_1_163' title='bbox 632 3705 959 3816; x_wconf 80' lang='lat' dir='ltr'><strong>nymphomaniae</strong></span> <span class='ocrx_word' id='word_1_164' title='bbox 977 3721 1018 3787; x_wconf 90' lang='lat' dir='ltr'><strong>et</strong></span> <span class='ocrx_word' id='word_1_165' title='bbox 1041 3703 1228 3813; x_wconf 84' lang='lat' dir='ltr'><strong>hysteriee</strong></span> <span class='ocrx_word' id='word_1_166' title='bbox 1247 3728 1383 3783; x_wconf 89' lang='lat' dir='ltr'><strong>ansam</strong></span> <span class='ocrx_word' id='word_1_167' title='bbox 1404 3699 1574 3811; x_wconf 81' lang='lat' dir='ltr'><strong>praebet,</strong></span> <span class='ocrx_word' id='word_1_168' title='bbox 1588 3701 1709 3802; x_wconf 87' lang='lat' dir='ltr'><strong>intel·</strong></span> 
     </span>
     <span class='ocr_line' id='line_1_24' title="bbox 335 3822 1708 3938; baseline -0.001 -33"><span class='ocrx_word' id='word_1_169' title='bbox 335 3824 485 3907; x_wconf 84' lang='lat' dir='ltr'><strong>lectum</strong></span> <span class='ocrx_word' id='word_1_170' title='bbox 517 3827 677 3930; x_wconf 79' lang='lat' dir='ltr'><strong>turbat,</strong></span> <span class='ocrx_word' id='word_1_171' title='bbox 703 3829 982 3938; x_wconf 88' lang='lat' dir='ltr'><strong>pathematum</strong></span> <span class='ocrx_word' id='word_1_172' title='bbox 1009 3827 1283 3907; x_wconf 84' lang='lat' dir='ltr'><strong>evolutionem</strong></span> <span class='ocrx_word' id='word_1_173' title='bbox 1296 3840 1532 3932; x_wconf 86' lang='lat' dir='ltr'><strong>promptam</strong></span> <span class='ocrx_word' id='word_1_174' title='bbox 1546 3822 1708 3937; x_wconf 66' lang='lat' dir='ltr'><strong>reddit,</strong></span> 
     </span>
     <span class='ocr_line' id='line_1_25' title="bbox 309 3946 1158 4053; baseline -0.009 -24"><span class='ocrx_word' id='word_1_175' title='bbox 309 3946 379 4029; x_wconf 57' lang='lat' dir='ltr'><strong>‘et</strong></span> <span class='ocrx_word' id='word_1_176' title='bbox 404 3949 449 4030; x_wconf 91' lang='lat' dir='ltr'><strong>in</strong></span> <span class='ocrx_word' id='word_1_177' title='bbox 475 3947 539 4030; x_wconf 89' lang='lat' dir='ltr'><strong>his</strong></span> <span class='ocrx_word' id='word_1_178' title='bbox 564 3950 773 4031; x_wconf 82' lang='lat' dir='ltr'><strong>varietates</strong></span> <span class='ocrx_word' id='word_1_179' title='bbox 795 3947 955 4030; x_wconf 89' lang='lat' dir='ltr'><strong>inducit</strong></span> <span class='ocrx_word' id='word_1_180' title='bbox 971 3949 1158 4053; x_wconf 88' lang='lat' dir='ltr'><strong>insignes.</strong></span> 
     </span>
    </p>
   </div>
   <div class='ocr_carea' id='block_1_13' title="bbox 389 4130 1709 4243">
    <p class='ocr_par' dir='ltr' id='par_1_13' title="bbox 389 4130 1709 4243">
     <span class='ocr_line' id='line_1_26' title="bbox 389 4130 1709 4243; baseline 0.002 -29"><span class='ocrx_word' id='word_1_181' title='bbox 389 4135 560 4241; x_wconf 84' lang='lat' dir='ltr'><strong>Hepas</strong></span> <span class='ocrx_word' id='word_1_182' title='bbox 549 4160 594 4212; x_wconf 89' lang='grc' dir='ltr'><strong>ιιι</strong></span> <span class='ocrx_word' id='word_1_183' title='bbox 623 4132 789 4215; x_wconf 80' lang='lat' dir='ltr'><strong>affectus</strong></span> <span class='ocrx_word' id='word_1_184' title='bbox 812 4136 937 4214; x_wconf 82' lang='lat' dir='ltr'><strong>animi</strong></span> <span class='ocrx_word' id='word_1_185' title='bbox 965 4160 1082 4243; x_wconf 85' lang='lat' dir='ltr'><strong>agere</strong></span> <span class='ocrx_word' id='word_1_186' title='bbox 1109 4132 1192 4241; x_wconf 89' lang='lat' dir='ltr'><strong>jam</strong></span> <span class='ocrx_word' id='word_1_187' title='bbox 1216 4160 1339 4242; x_wconf 83' lang='lat' dir='ltr'><strong>supra</strong></span> <span class='ocrx_word' id='word_1_188' title='bbox 1362 4132 1547 4218; x_wconf 76' lang='lat' dir='ltr'><strong>vidimus</strong></span> <span class='ocrx_word' id='word_1_189' title='bbox 1574 4130 1709 4217; x_wconf 78' lang='lat' dir='ltr'><strong>Affec-</strong></span> 
     </span>
    </p>
   </div>
   <div class='ocr_carea' id='block_1_14' title="bbox 205 4251 1710 4383">
    <p class='ocr_par' dir='ltr' id='par_1_14' title="bbox 205 4251 1710 4383">
     <span class='ocr_line' id='line_1_27' title="bbox 205 4251 1710 4383; baseline 0.005 -52"><span class='ocrx_word' id='word_1_190' title='bbox 205 4320 211 4331; x_wconf 91' lang='lat'><strong>.</strong></span> <span class='ocrx_word' id='word_1_191' title='bbox 339 4256 471 4338; x_wconf 85' lang='lat' dir='ltr'><strong>tiones</strong></span> <span class='ocrx_word' id='word_1_192' title='bbox 491 4251 669 4383; x_wconf 82' lang='lat' dir='ltr'><strong>hujus</strong></span> <span class='ocrx_word' id='word_1_193' title='bbox 630 4257 812 4359; x_wconf 76' lang='lat' dir='ltr'><strong>visceris,</strong></span> <span class='ocrx_word' id='word_1_194' title='bbox 831 4274 872 4337; x_wconf 90' lang='lat' dir='ltr'><strong>et</strong></span> <span class='ocrx_word' id='word_1_195' title='bbox 888 4256 966 4338; x_wconf 85' lang='lat' dir='ltr'><strong>illae</strong></span> <span class='ocrx_word' id='word_1_196' title='bbox 985 4258 1110 4337; x_wconf 90' lang='lat' dir='ltr'><strong>totius</strong></span> <span class='ocrx_word' id='word_1_197' title='bbox 1127 4259 1351 4364; x_wconf 77' lang='lat' dir='ltr'><strong>systematis</strong></span> <span class='ocrx_word' id='word_1_198' title='bbox 1369 4282 1482 4337; x_wconf 83' lang='lat' dir='ltr'><strong>venae</strong></span> <span class='ocrx_word' id='word_1_199' title='bbox 1500 4274 1710 4367; x_wconf 83' lang='lat' dir='ltr'><strong>portarum</strong></span> 
     </span>
    </p>
   </div>
   <div class='ocr_carea' id='block_1_15' title="bbox 339 4376 1709 4613">
    <p class='ocr_par' dir='ltr' id='par_1_15' title="bbox 339 4376 1709 4613">
     <span class='ocr_line' id='line_1_28' title="bbox 339 4376 1709 4489; baseline 0 -28"><span class='ocrx_word' id='word_1_200' title='bbox 339 4406 430 4489; x_wconf 83' lang='lat' dir='ltr'><strong>quae</strong></span> <span class='ocrx_word' id='word_1_201' title='bbox 456 4376 700 4485; x_wconf 86' lang='lat' dir='ltr'><strong>contingunt</strong></span> <span class='ocrx_word' id='word_1_202' title='bbox 732 4379 930 4487; x_wconf 86' lang='lat' dir='ltr'><strong>imprimis</strong></span> <span class='ocrx_word' id='word_1_203' title='bbox 958 4382 1003 4460; x_wconf 92' lang='lat' dir='ltr'><strong>in</strong></span> <span class='ocrx_word' id='word_1_204' title='bbox 1024 4377 1134 4459; x_wconf 84' lang='lat' dir='ltr'><strong>virili</strong></span> <span class='ocrx_word' id='word_1_205' title='bbox 1159 4395 1289 4485; x_wconf 77' lang='lat' dir='ltr'><strong>aetate,</strong></span> <span class='ocrx_word' id='word_1_206' title='bbox 1309 4378 1360 4461; x_wconf 89' lang='lat' dir='ltr'><strong>ad</strong></span> <span class='ocrx_word' id='word_1_207' title='bbox 1378 4378 1709 4487; x_wconf 74' lang='lat' dir='ltr'><strong>melancholiam,</strong></span> 
     </span>
     <span class='ocr_line' id='line_1_29' title="bbox 343 4500 1090 4613; baseline -0.004 -30"><span class='ocrx_word' id='word_1_208' title='bbox 343 4501 618 4583; x_wconf 80' lang='lat' dir='ltr'><strong>morositatem</strong></span> <span class='ocrx_word' id='word_1_209' title='bbox 636 4518 680 4582; x_wconf 92' lang='lat' dir='ltr'><strong>et</strong></span> <span class='ocrx_word' id='word_1_210' title='bbox 696 4502 841 4583; x_wconf 81' lang='lat' dir='ltr'><strong>similia</strong></span> <span class='ocrx_word' id='word_1_211' title='bbox 857 4500 1090 4613; x_wconf 80' lang='lat' dir='ltr'><strong>disponunt.</strong></span> 
     </span>
    </p>
   </div>
   <div class='ocr_carea' id='block_1_16' title="bbox 0 0 2298 5860">
    <p class='ocr_par' dir='ltr' id='par_1_16' title="bbox 0 0 2298 5860">
     <span class='ocr_line' id='line_1_30' title="bbox 0 0 2298 5860; baseline 0 0"><span class='ocrx_word' id='word_1_212' title='bbox 0 0 2298 5860; x_wconf 95' lang='lat' dir='ltr'><strong> </strong></span> 
     </span>
    </p>
   </div>
  </div>
 </body>
</html>
