4517 5867
588 602 638 653 to
983 573 1142 645 FRANC.
1166 571 1252 645 mc
1274 570 1566 643 scuotuamtr

597 756 792 861 habendi,
808 760 893 839 sive
913 756 1104 839 dominus
1124 757 1208 837 sive
1236 757 1358 835 bonoe
1384 756 1469 835 sive
1489 751 1604 831 malae
1628 748 1726 831 fidei
1757 780 1963 863 possessor

596 882 667 983 sit;
687 910 735 965 ex
757 883 926 965 adverso
944 880 1027 961 hae
1051 880 1201 961 dieitur
1225 906 1273 959 ea
1295 907 1402 978 esse,
1427 902 1551 988 quam
1572 874 1698 955 habet
1713 877 1769 978 is,
1786 884 1859 989 qui
1877 878 1973 963 rem'

594 1031 680 1087 non
699 1034 773 1116 per
794 1032 836 1087 se
856 1002 927 1085 aed
949 1030 1023 1115 per
1044 1004 1169 1084 alium
1194 1000 1349 1084 detinet
1376 1026 1470 1081 cum
1496 999 1633 1079 animo
1663 998 1750 1079 sibi¹
1770 1000 1967 1109 habenda

592 1132 645 1211 sit
658 1130 848 1211 domiuus
858 1148 899 1210 et
908 1129 1025 1210 bona
1037 1134 1078 1207 et
1095 1123 1207 1209 mala
1219 1126 1313 1209 fidei
1326 1150 1551 1236 possessor,
1564 1121 1763 1227 iuretiam
1777 1143 1821 1206 et
1835 1128 1969 1236 praedo

591 1278 664 1363 per
683 1254 886 1353 colonum,
903 1254 1211 1363 depositarium,
1230 1248 1553 1335 commodamum
1564 1263 1638 1326 ete.
1651 1246 1824 1329 civiliter
1843 1251 1971 1359 possi·
2022 1266 2031 1277 ·

591 1378 686 1460 dere
714 1376 917 1462 dicuntur.
946 1380 1039 1457 Huc
1066 1394 1204 1457 autem
1227 1377 1374 1457 divisio
1402 1372 1522 1454 nobis
1539 1398 1627 1451 non
1645 1371 1792 1481 plaeet;
1818 1375 1970 1453 etenim

581 1500 786 1603 diximus,
809 1500 1106 1607 possessiouem
1130 1523 1218 1577 esse
1245 1498 1523 1579 detentionem
1550 1520 1624 1577 seu
1642 1494 1788 1576 sacuam
1811 1495 1854 1575 id
1881 1524 1965 1609 quo

591 1648 677 1703 rem
702 1622 932 1701 detinemus
957 1646 1050 1698 cum
1074 1623 1211 1699 animo
1231 1618 1429 1724 habendi,
1451 1635 1702 1731 quapropter
1723 1620 1780 1723 is,
1798 1622 1872 1731 qui
1891 1647 1965 1729 per

591 1742 715 1822 alium
737 1740 891 1820 detinet
916 1766 1001 1821 non
1029 1741 1165 1823 minus
1185 1766 1309 1856 qaum
1328 1744 1414 1847 ille,
1440 1745 1515 1855 qui
1539 1771 1677 1853 perse
1698 1746 1834 1853 ipsum
1865 1743 1966 1823 deti·

590 1880 660 1943 net
678 1864 913 1943 naturaliter
931 1866 1139 1975 possidere
1158 1866 1356 1949 dicendus
1371 1885 1451 1967 est,
1470 1885 1512 1947 et
1532 1892 1671 1947 revera
1689 1894 1764 1977 per
1785 1892 1967 1963 servum,

591 1988 780 2067 colonum
810 2007 1170 2096 procuratoremve
1190 1990 1400 2101 possidere
1425 1989 1688 2097 intelligimur
1712 1992 1754 2069 L
1771 2018 1809 2099 9,
1831 1991 1874 2068 L.
1899 1988 1965 2085 18,

592 2108 716 2209 lund,
745 2115 771 2207 ᾗ
795 2138 810 2186 ι
844 2110 882 2183 ff.
903 2112 940 2185 h.
962 2130 1010 2211 t.‚
1032 2112 1161 2217 idque
1196 2114 1458 2213 neutraliter,
1476 2138 1528 2191 eo
1550 2112 1664 2222 quod
1683 2112 1765 2189 illis
1786 2112 1969 2217 personis

588 2246 749 2310 utamur
768 2246 974 2339 tamquam
1002 2232 1292 2332 instrumento,
1319 2260 1500 2344 quonum
1520 2234 1762 2314 detinemus

647 2406 820 2511 Qualem
839 2434 937 2515 ergo
958 2408 1224 2517 possessionis
1245 2408 1484 2489 divisionem
1505 2410 1711 2487 sistimus?
1727 2411 1788 2486 Ex
1810 2411 1863 2487 iis
1884 2436 1975 2517 quae

592 2534 635 2609 in
668 2530 933 2639 explicatione
968 2530 1090 2640 liujus
1118 2530 1224 2610 tituli
1252 2530 1415 2630 audivi,
1449 2544 1548 2637 puto
1582 2528 1880 2634 possessionem
1918 2528 1972 2609 ad

592 2654 822 2763 exemplum
842 2654 1100 2762 obligationis
1118 2682 1234 2761 posse
1256 2650 1385 2732 dividi
1406 2652 1451 2730 in
1474 2649 1719 2745 naturalem,
1738 2650 1968 2730 naturalem

592 2795 632 2859 et
642 2779 801 2859 civilem
815 2777 934 2859 simul
945 2806 1016 2857 seu
1029 2779 1208 2871 mirum,
1221 2773 1437 2853 etcirilem
1447 2787 1617 2851 tuntum.
1630 2770 1971 2855 Videamusnuuo

592 2900 691 3013 quid
716 2927 790 3008 per
815 2896 1014 3005 singulam
1032 2892 1313 2999 intelligamus

644 3090 719 3165 Per
740 3083 962 3163 naturalem
977 3078 1240 3187 intelligimus
1256 3104 1364 3179 eum,
1375 3106 1499 3191 quam
1510 3079 1623 3185 leges
1633 3108 1718 3159 nou
1731 3098 1971 3194 agnoscunt.

594 3206 732 3287 Talem
752 3204 875 3285 habet
892 3207 946 3303 is,
961 3206 1034 3315 qui
1052 3231 1117 3283 res
1134 3218 1247 3309 extra
1259 3206 1549 3283 commercium
1560 3207 1798 3285 constitutas
1817 3204 1974 3286 detinet

592 3330 635 3409 L.
651 3329 814 3435 2332,
831 3331 875 3410 L.
897 3325 969 3431 30,
989 3332 1015 3429 §
1035 3352 1048 3405 1
1067 3322 1107 3403 ff.
1121 3325 1160 3403 h.
1180 3341 1226 3425 t,
1243 3325 1344 3405 item
1361 3326 1418 3425 is,
1439 3327 1512 3438 qui
1531 3328 1576 3407 in
1594 3327 1760 3409 alterius
1776 3346 1971 3437 potestate

593 3458 835 3539 constitutus
854 3469 937 3553 est,
961 3466 1008 3533 ut
1029 3476 1189 3551 servus,
1210 3447 1303 3528 licet
1320 3450 1431 3529 enim
1449 3453 1484 3531 is
1508 3449 1692 3532 detineat
1714 3457 1970 3565 quantumvis

594 3578 730 3652 animo
744 3579 823 3653 sibi
845 3573 1039 3673 habendi,
1061 3600 1137 3681 pro
1154 3599 1384 3679 possessore
1404 3600 1488 3653 uon
1504 3573 1726 3687 habebitur
1740 3576 1784 3655 L
1802 3576 1875 3677 23,
1891 3586 1915 3677 §
1931 3604 1966 3673 ι,

592 3692 636 3771 L
647 3692 700 3799 dp
719 3694 759 3773 ff.
770 3696 808 3773 h.
828 3698 908 3772 tL.
928 3692 1000 3775 118
1011 3694 1049 3771 lt
1069 3692 1122 3771 de
1140 3695 1186 3772 R.
1203 3697 1237 3773 J.
1254 3696 1460 3776 Naturalis
1471 3698 1592 3776 etiam
1607 3700 1802 3807 possessio
1823 3712 1964 3796 esest,

594 3841 717 3925 quam
738 3815 862 3895 habet
879 3817 937 3918 is,
958 3816 1031 3923 qui
1044 3814 1217 3900 absente
1236 3834 1278 3897 et
1295 3820 1506 3924 ignorante
1524 3817 1689 3899 domino
1708 3816 1883 3897 fundum
1894 3844 1964 3896 oc·

594 3952 958 4047 eupat‚manetque
969 3937 1175 4038 naturalis,
1193 3938 1327 4021 donec
1346 3940 1534 4023 dominus
1552 3939 1733 4049 repulsus
1751 3939 1878 4019 fuerit
1897 3954 1968 4019 aut

593 4074 776 4139 metuens
794 4059 877 4139 vim
891 4058 1085 4169 majorem
1102 4061 1250 4141 reverti
1263 4063 1307 4141 in
1327 4066 1619 4173 possessionem
1631 4089 1752 4140 ausus
1768 4088 1856 4139 non
1876 4060 1967 4141 fue-

596 4184 669 4288 rit,
690 4208 869 4291 eousque
894 4181 1004 4261 enim
1022 4182 1085 4261 lex
1106 4211 1349 4283 conservans
1365 4186 1522 4265 absenti
1540 4184 1856 4293 possessionem,
1874 4212 1970 4263 eum

594 4333 669 4414 pro
688 4330 922 4417 possessore.
935 4334 1020 4385 uon
1040 4306 1163 4389 habet
1180 4309 1223 4387 L.
1242 4310 1285 4408 6,
1303 4314 1329 4410 §
1349 4310 1438 4412 1,L.
1460 4307 1534 4408 25,
1552 4314 1578 4409 §
1598 4337 1623 4389 u
1641 4306 1679 4387 tf.
1701 4308 1740 4389 h.
1759 4323 1809 4406 t,
1823 4334 1918 4387 nam
1932 4324 1975 4387 et

591 4430 691 4633 pligs
720 4426 1026 4635 dpoffdppeutur
1041 4459 1292 4543 possessores
1312 4434 1356 4513 in
1373 4431 1568 4540 solidum,
1588 4431 1704 4543 quod
1721 4432 1808 4513 fieri
1826 4430 1971 4541 nequit

625 4612 633 4629 .
679 4558 731 4655 ‚s
827 4614 835 4631 .
891 4572 947 4635 ,ι
