<?xml version="1.0" encoding="UTF-8"?>
<!DOCTYPE html PUBLIC "-//W3C//DTD XHTML 1.0 Transitional//EN"
    "http://www.w3.org/TR/xhtml1/DTD/xhtml1-transitional.dtd">
<html xmlns="http://www.w3.org/1999/xhtml" xml:lang="en" lang="en">
 <head>
  <title>
</title>
<meta http-equiv="Content-Type" content="text/html;charset=utf-8" />
  <meta name='ocr-system' content='tesseract 3.04.00' />
  <meta name='ocr-capabilities' content='ocr_page ocr_carea ocr_par ocr_line ocrx_word'/>
</head>
<body>
  <div class='ocr_page' id='page_1' title='image "annalesacademia01goog_0390.png"; bbox 0 0 4517 5867; ppageno 0'>
   <div class='ocr_carea' id='block_1_1' title="bbox 634 630 1608 720">
    <p class='ocr_par' dir='ltr' id='par_1_1' title="bbox 634 630 1608 720">
     <span class='ocr_line' id='line_1_1' title="bbox 634 630 1608 720; baseline 0.014 -13"><span class='ocrx_word' id='word_1_1' title='bbox 634 630 680 707; x_wconf 81' lang='lat'>36</span> <span class='ocrx_word' id='word_1_2' title='bbox 1019 646 1174 715; x_wconf 76' lang='lat' dir='ltr'>FRANC.</span> <span class='ocrx_word' id='word_1_3' title='bbox 1198 644 1287 717; x_wconf 76' lang='lat' dir='ltr'>JAG</span> <span class='ocrx_word' id='word_1_4' title='bbox 1311 646 1608 720; x_wconf 74' lang='lat' dir='ltr'>scuottasur</span> 
     </span>
    </p>
   </div>
   <div class='ocr_carea' id='block_1_2' title="bbox 636 814 2096 1187">
    <p class='ocr_par' dir='ltr' id='par_1_2' title="bbox 636 814 2096 1187">
     <span class='ocr_line' id='line_1_2' title="bbox 637 814 2027 933; baseline 0.017 -34"><span class='ocrx_word' id='word_1_5' title='bbox 637 814 805 905; x_wconf 86' lang='lat' dir='ltr'>rendam</span> <span class='ocrx_word' id='word_1_6' title='bbox 828 816 995 899; x_wconf 91' lang='lat' dir='ltr'>domino</span> <span class='ocrx_word' id='word_1_7' title='bbox 1015 821 1221 928; x_wconf 77' lang='lat' dir='ltr'>ignoranti</span> <span class='ocrx_word' id='word_1_8' title='bbox 1237 829 1540 933; x_wconf 81' lang='lat' dir='ltr'>possessionem</span> <span class='ocrx_word' id='word_1_9' title='bbox 1562 826 1752 933; x_wconf 84' lang='lat' dir='ltr'>generale</span> <span class='ocrx_word' id='word_1_10' title='bbox 1769 836 2027 921; x_wconf 80' lang='lat' dir='ltr'>mandatum</span> 
     </span>
     <span class='ocr_line' id='line_1_3' title="bbox 636 941 2003 1057; baseline 0.015 -34"><span class='ocrx_word' id='word_1_11' title='bbox 636 968 719 1024; x_wconf 92' lang='lat' dir='ltr'>non</span> <span class='ocrx_word' id='word_1_12' title='bbox 734 941 915 1023; x_wconf 86' lang='lat' dir='ltr'>sufficere</span> <span class='ocrx_word' id='word_1_13' title='bbox 926 1002 936 1043; x_wconf 91' lang='lat'>,</span> <span class='ocrx_word' id='word_1_14' title='bbox 947 960 987 1023; x_wconf 91' lang='lat' dir='ltr'>at</span> <span class='ocrx_word' id='word_1_15' title='bbox 1000 961 1070 1023; x_wconf 86' lang='lat' dir='ltr'>aut</span> <span class='ocrx_word' id='word_1_16' title='bbox 1086 946 1259 1054; x_wconf 85' lang='lat' dir='ltr'>speciale</span> <span class='ocrx_word' id='word_1_17' title='bbox 1278 950 1433 1057; x_wconf 82' lang='lat' dir='ltr'>requiri</span> <span class='ocrx_word' id='word_1_18' title='bbox 1445 1008 1456 1046; x_wconf 97' lang='lat'>,</span> <span class='ocrx_word' id='word_1_19' title='bbox 1466 966 1539 1028; x_wconf 87' lang='lat' dir='ltr'>aut</span> <span class='ocrx_word' id='word_1_20' title='bbox 1556 948 1715 1032; x_wconf 89' lang='lat' dir='ltr'>domini</span> <span class='ocrx_word' id='word_1_21' title='bbox 1724 956 2003 1043; x_wconf 83' lang='lat' dir='ltr'>ratihabitione</span> 
     </span>
     <span class='ocr_line' id='line_1_4' title="bbox 637 1064 2096 1187; baseline 0.014 -43"><span class='ocrx_word' id='word_1_22' title='bbox 637 1091 740 1173; x_wconf 90' lang='lat' dir='ltr'>opus</span> <span class='ocrx_word' id='word_1_23' title='bbox 751 1064 1019 1164; x_wconf 84' lang='lat' dir='ltr'>esse.Nmn,ut</span> <span class='ocrx_word' id='word_1_24' title='bbox 1027 1067 1083 1145; x_wconf 91' lang='lat' dir='ltr'>ait</span> <span class='ocrx_word' id='word_1_25' title='bbox 1093 1068 1394 1149; x_wconf 64' lang='lat' dir='ltr'>Unrnrusinli.</span> <span class='ocrx_word' id='word_1_26' title='bbox 1405 1069 1944 1187; x_wconf 68' lang='lat' dir='ltr'>42,§1ff.h.t,procurstor,</span> <span class='ocrx_word' id='word_1_27' title='bbox 1952 1086 2004 1163; x_wconf 88' lang='lat' dir='ltr'>si·</span> <span class='ocrx_word' id='word_1_28' title='bbox 2091 1071 2096 1079; x_wconf 58' lang='grc'><strong><em>’</em></strong></span> 
     </span>
    </p>
   </div>
   <div class='ocr_carea' id='block_1_3' title="bbox 630 1182 2041 3265">
    <p class='ocr_par' dir='ltr' id='par_1_3' title="bbox 630 1182 2041 3265">
     <span class='ocr_line' id='line_1_5' title="bbox 636 1182 2004 1311; baseline 0.014 -46"><span class='ocrx_word' id='word_1_29' title='bbox 636 1186 1023 1301; x_wconf 86' lang='lat' dir='ltr'>quidemmandante</span> <span class='ocrx_word' id='word_1_30' title='bbox 1034 1182 2004 1311; x_wconf 55' lang='lat' dir='ltr'>dominorememeudsuppletureetaoceperitr),</span> 
     </span>
     <span class='ocr_line' id='line_1_6' title="bbox 635 1311 2003 1431; baseline 0.012 -41"><span class='ocrx_word' id='word_1_31' title='bbox 635 1312 822 1419; x_wconf 83' lang='lat' dir='ltr'>protinus</span> <span class='ocrx_word' id='word_1_32' title='bbox 833 1311 894 1391; x_wconf 90' lang='lat' dir='ltr'>iili</span> <span class='ocrx_word' id='word_1_33' title='bbox 903 1313 1077 1423; x_wconf 87' lang='lat' dir='ltr'>acquirit</span> <span class='ocrx_word' id='word_1_34' title='bbox 1090 1314 1587 1427; x_wconf 84' lang='lat' dir='ltr'>possessionem,quod,si</span> <span class='ocrx_word' id='word_1_35' title='bbox 1596 1320 1673 1398; x_wconf 74' lang='lat' dir='ltr'>sua</span> <span class='ocrx_word' id='word_1_36' title='bbox 1684 1341 1834 1429; x_wconf 89' lang='lat' dir='ltr'>sponte</span> <span class='ocrx_word' id='word_1_37' title='bbox 1843 1329 2003 1431; x_wconf 86' lang='lat' dir='ltr'>emerit,</span> 
     </span>
     <span class='ocr_line' id='line_1_7' title="bbox 635 1433 2003 1556; baseline 0.01 -43"><span class='ocrx_word' id='word_1_38' title='bbox 635 1460 720 1513; x_wconf 93' lang='lat' dir='ltr'>non</span> <span class='ocrx_word' id='word_1_39' title='bbox 738 1434 815 1514; x_wconf 90' lang='lat' dir='ltr'>nisi</span> <span class='ocrx_word' id='word_1_40' title='bbox 834 1451 960 1515; x_wconf 77' lang='lat' dir='ltr'>ratam</span> <span class='ocrx_word' id='word_1_41' title='bbox 975 1434 1164 1515; x_wconf 86' lang='lat' dir='ltr'>habuerit</span> <span class='ocrx_word' id='word_1_42' title='bbox 1178 1433 1368 1517; x_wconf 89' lang='lat' dir='ltr'>dominus</span> <span class='ocrx_word' id='word_1_43' title='bbox 1388 1439 1644 1546; x_wconf 81' lang='lat' dir='ltr'>emptionem.</span> <span class='ocrx_word' id='word_1_44' title='bbox 1660 1442 1881 1525; x_wconf 73' lang='lat' dir='ltr'>Fundetur</span> <span class='ocrx_word' id='word_1_45' title='bbox 1897 1477 2003 1556; x_wconf 89' lang='lat' dir='ltr'>quo·</span> 
     </span>
     <span class='ocr_line' id='line_1_8' title="bbox 632 1557 1998 1671; baseline 0.009 -34"><span class='ocrx_word' id='word_1_46' title='bbox 632 1584 715 1667; x_wconf 89' lang='lat' dir='ltr'>que</span> <span class='ocrx_word' id='word_1_47' title='bbox 737 1560 933 1641; x_wconf 86' lang='lat' dir='ltr'>sententia</span> <span class='ocrx_word' id='word_1_48' title='bbox 951 1575 1086 1639; x_wconf 86' lang='lat' dir='ltr'>nostra</span> <span class='ocrx_word' id='word_1_49' title='bbox 1099 1586 1181 1665; x_wconf 90' lang='lat' dir='ltr'>arg.</span> <span class='ocrx_word' id='word_1_50' title='bbox 1201 1560 1245 1639; x_wconf 81' lang='lat'>1.</span> <span class='ocrx_word' id='word_1_51' title='bbox 1263 1557 1346 1658; x_wconf 81' lang='lat'>3,§</span> <span class='ocrx_word' id='word_1_52' title='bbox 1364 1589 1406 1661; x_wconf 82' lang='lat' dir='ltr'>s,</span> <span class='ocrx_word' id='word_1_53' title='bbox 1424 1560 1467 1639; x_wconf 84' lang='lat' dir='ltr'>L.</span> <span class='ocrx_word' id='word_1_54' title='bbox 1486 1560 1538 1643; x_wconf 78' lang='lat'>26</span> <span class='ocrx_word' id='word_1_55' title='bbox 1557 1558 1598 1639; x_wconf 83' lang='lat' dir='ltr'>ii.</span> <span class='ocrx_word' id='word_1_56' title='bbox 1618 1562 1659 1641; x_wconf 92' lang='lat' dir='ltr'>h.</span> <span class='ocrx_word' id='word_1_57' title='bbox 1671 1579 1717 1661; x_wconf 89' lang='lat' dir='ltr'>t,</span> <span class='ocrx_word' id='word_1_58' title='bbox 1736 1566 1780 1643; x_wconf 89' lang='lat' dir='ltr'>L.</span> <span class='ocrx_word' id='word_1_59' title='bbox 1800 1564 1998 1671; x_wconf 73' lang='lat' dir='ltr'>32,§u1t.</span> 
     </span>
     <span class='ocr_line' id='line_1_9' title="bbox 632 1680 1999 1797; baseline 0.007 -38"><span class='ocrx_word' id='word_1_60' title='bbox 632 1680 673 1759; x_wconf 81' lang='lat' dir='ltr'>ff.</span> <span class='ocrx_word' id='word_1_61' title='bbox 689 1680 740 1761; x_wconf 88' lang='lat' dir='ltr'>de</span> <span class='ocrx_word' id='word_1_62' title='bbox 758 1710 894 1792; x_wconf 84' lang='lat' dir='ltr'>usurp.</span> <span class='ocrx_word' id='word_1_63' title='bbox 916 1700 957 1763; x_wconf 88' lang='lat' dir='ltr'>et</span> <span class='ocrx_word' id='word_1_64' title='bbox 974 1710 1103 1786; x_wconf 83' lang='lat' dir='ltr'>usuc,</span> <span class='ocrx_word' id='word_1_65' title='bbox 1114 1682 1325 1793; x_wconf 79' lang='lat' dir='ltr'>exquibus</span> <span class='ocrx_word' id='word_1_66' title='bbox 1336 1710 1459 1763; x_wconf 89' lang='lat' dir='ltr'>nemo</span> <span class='ocrx_word' id='word_1_67' title='bbox 1476 1700 1610 1792; x_wconf 90' lang='lat' dir='ltr'>potest</span> <span class='ocrx_word' id='word_1_68' title='bbox 1627 1685 1820 1767; x_wconf 78' lang='lat' dir='ltr'>incertam</span> <span class='ocrx_word' id='word_1_69' title='bbox 1834 1691 1894 1767; x_wconf 90' lang='lat' dir='ltr'>rei</span> <span class='ocrx_word' id='word_1_70' title='bbox 1907 1714 1999 1797; x_wconf 89' lang='lat' dir='ltr'>pur·</span> 
     </span>
     <span class='ocr_line' id='line_1_10' title="bbox 632 1806 1999 1918; baseline 0.004 -31"><span class='ocrx_word' id='word_1_71' title='bbox 632 1820 722 1891; x_wconf 75' lang='lat' dir='ltr'>tem,</span> <span class='ocrx_word' id='word_1_72' title='bbox 733 1806 957 1914; x_wconf 87' lang='lat' dir='ltr'>possidere,</span> <span class='ocrx_word' id='word_1_73' title='bbox 979 1807 1025 1885; x_wconf 81' lang='lat' dir='ltr'>ei</span> <span class='ocrx_word' id='word_1_74' title='bbox 1042 1808 1215 1905; x_wconf 86' lang='lat' dir='ltr'>ratione,</span> <span class='ocrx_word' id='word_1_75' title='bbox 1229 1806 1351 1918; x_wconf 86' lang='lat' dir='ltr'>quod</span> <span class='ocrx_word' id='word_1_76' title='bbox 1376 1822 1520 1887; x_wconf 87' lang='lat' dir='ltr'>natura</span> <span class='ocrx_word' id='word_1_77' title='bbox 1539 1809 1803 1915; x_wconf 76' lang='lat' dir='ltr'>possessionis</span> <span class='ocrx_word' id='word_1_78' title='bbox 1826 1813 1999 1913; x_wconf 83' lang='lat' dir='ltr'>resistat,</span> 
     </span>
     <span class='ocr_line' id='line_1_11' title="bbox 633 1930 1997 2041; baseline 0.003 -34"><span class='ocrx_word' id='word_1_79' title='bbox 633 1930 851 2036; x_wconf 83' lang='lat' dir='ltr'>quominus</span> <span class='ocrx_word' id='word_1_80' title='bbox 871 1930 963 2038; x_wconf 90' lang='lat' dir='ltr'>quis</span> <span class='ocrx_word' id='word_1_81' title='bbox 982 1930 1177 2011; x_wconf 78' lang='lat' dir='ltr'>incertam</span> <span class='ocrx_word' id='word_1_82' title='bbox 1199 1931 1263 2009; x_wconf 86' lang='lat' dir='ltr'>rei</span> <span class='ocrx_word' id='word_1_83' title='bbox 1289 1946 1448 2039; x_wconf 85' lang='lat' dir='ltr'>partem</span> <span class='ocrx_word' id='word_1_84' title='bbox 1465 1930 1686 2036; x_wconf 88' lang='lat' dir='ltr'>possideat,</span> <span class='ocrx_word' id='word_1_85' title='bbox 1708 1932 1899 2041; x_wconf 90' lang='lat' dir='ltr'>quoniam</span> <span class='ocrx_word' id='word_1_86' title='bbox 1919 1935 1997 2011; x_wconf 91' lang='lat' dir='ltr'>im·</span> 
     </span>
     <span class='ocr_line' id='line_1_12' title="bbox 631 2048 1994 2158; baseline 0.003 -29"><span class='ocrx_word' id='word_1_87' title='bbox 631 2050 822 2158; x_wconf 78' lang='lat' dir='ltr'>possibile</span> <span class='ocrx_word' id='word_1_88' title='bbox 835 2069 935 2147; x_wconf 68' lang='lat' dir='ltr'>est,</span> <span class='ocrx_word' id='word_1_89' title='bbox 963 2070 1011 2123; x_wconf 82' lang='lat' dir='ltr'>ut</span> <span class='ocrx_word' id='word_1_90' title='bbox 1032 2055 1124 2155; x_wconf 85' lang='lat' dir='ltr'>quis</span> <span class='ocrx_word' id='word_1_91' title='bbox 1153 2048 1304 2125; x_wconf 79' lang='lat' dir='ltr'>hebeat</span> <span class='ocrx_word' id='word_1_92' title='bbox 1328 2055 1516 2127; x_wconf 73' lang='lat' dir='ltr'>animum</span> <span class='ocrx_word' id='word_1_93' title='bbox 1533 2052 1623 2128; x_wconf 68' lang='lat' dir='ltr'>aih&#39;</span> <span class='ocrx_word' id='word_1_94' title='bbox 1638 2052 1821 2134; x_wconf 49' lang='lat' dir='ltr'>habendi</span> <span class='ocrx_word' id='word_1_95' title='bbox 1841 2071 1994 2157; x_wconf 82' lang='lat' dir='ltr'>partem</span> 
     </span>
     <span class='ocr_line' id='line_1_13' title="bbox 630 2167 1997 2280; baseline 0.003 -29"><span class='ocrx_word' id='word_1_96' title='bbox 630 2174 707 2274; x_wconf 91' lang='lat' dir='ltr'>rei,</span> <span class='ocrx_word' id='word_1_97' title='bbox 734 2196 858 2280; x_wconf 88' lang='lat' dir='ltr'>quam</span> <span class='ocrx_word' id='word_1_98' title='bbox 881 2171 1058 2276; x_wconf 76' lang='lat' dir='ltr'>ignorat,</span> <span class='ocrx_word' id='word_1_99' title='bbox 1076 2186 1216 2249; x_wconf 89' lang='lat' dir='ltr'>utrum</span> <span class='ocrx_word' id='word_1_100' title='bbox 1236 2197 1273 2250; x_wconf 84' lang='lat' dir='ltr'>r.</span> <span class='ocrx_word' id='word_1_101' title='bbox 1294 2197 1331 2278; x_wconf 89' lang='lat' dir='ltr'>g.</span> <span class='ocrx_word' id='word_1_102' title='bbox 1346 2172 1403 2251; x_wconf 85' lang='lat' dir='ltr'>sit</span> <span class='ocrx_word' id='word_1_103' title='bbox 1425 2167 1687 2256; x_wconf 75' lang='lat' dir='ltr'>occidentalis</span> <span class='ocrx_word' id='word_1_104' title='bbox 1713 2198 1768 2249; x_wconf 88' lang='lat' dir='ltr'>au</span> <span class='ocrx_word' id='word_1_105' title='bbox 1790 2172 1997 2255; x_wconf 75' lang='lat' dir='ltr'>orienuus.</span> 
     </span>
     <span class='ocr_line' id='line_1_14' title="bbox 631 2282 2001 2405; baseline 0.006 -34"><span class='ocrx_word' id='word_1_106' title='bbox 631 2294 737 2398; x_wconf 87' lang='lat' dir='ltr'>Ergo</span> <span class='ocrx_word' id='word_1_107' title='bbox 756 2320 779 2373; x_wconf 89' lang='lat' dir='ltr'>a</span> <span class='ocrx_word' id='word_1_108' title='bbox 798 2293 885 2401; x_wconf 88' lang='lat' dir='ltr'>pari</span> <span class='ocrx_word' id='word_1_109' title='bbox 898 2317 971 2399; x_wconf 83' lang='lat' dir='ltr'>per</span> <span class='ocrx_word' id='word_1_110' title='bbox 989 2282 1295 2401; x_wconf 80' lang='lat' dir='ltr'>procuratorem</span> <span class='ocrx_word' id='word_1_111' title='bbox 1311 2292 1542 2399; x_wconf 77' lang='lat' dir='ltr'>generalem</span> <span class='ocrx_word' id='word_1_112' title='bbox 1557 2319 1681 2373; x_wconf 86' lang='lat' dir='ltr'>nemo</span> <span class='ocrx_word' id='word_1_113' title='bbox 1699 2311 1833 2402; x_wconf 88' lang='lat' dir='ltr'>potest</span> <span class='ocrx_word' id='word_1_114' title='bbox 1850 2324 2001 2405; x_wconf 84' lang='lat' dir='ltr'>posses·</span> 
     </span>
     <span class='ocr_line' id='line_1_15' title="bbox 631 2414 2037 2528; baseline 0.001 -30"><span class='ocrx_word' id='word_1_115' title='bbox 631 2418 787 2499; x_wconf 86' lang='lat' dir='ltr'>sionem</span> <span class='ocrx_word' id='word_1_116' title='bbox 804 2419 993 2523; x_wconf 87' lang='lat' dir='ltr'>ignorans</span> <span class='ocrx_word' id='word_1_117' title='bbox 1010 2419 1297 2527; x_wconf 60' lang='lat' dir='ltr'>acquirerem</span> <span class='ocrx_word' id='word_1_118' title='bbox 1313 2414 1424 2528; x_wconf 90' lang='lat' dir='ltr'>quod</span> <span class='ocrx_word' id='word_1_119' title='bbox 1444 2433 1585 2497; x_wconf 83' lang='lat' dir='ltr'>natura</span> <span class='ocrx_word' id='word_1_120' title='bbox 1602 2418 1867 2524; x_wconf 87' lang='lat' dir='ltr'>possessionis</span> <span class='ocrx_word' id='word_1_121' title='bbox 1886 2420 2000 2500; x_wconf 85' lang='lat' dir='ltr'>resis-</span> <span class='ocrx_word' id='word_1_122' title='bbox 2033 2438 2037 2446; x_wconf 83' lang='grc'><em>’</em></span> 
     </span>
     <span class='ocr_line' id='line_1_16' title="bbox 631 2532 1999 2652; baseline 0.001 -31"><span class='ocrx_word' id='word_1_123' title='bbox 631 2556 703 2635; x_wconf 86' lang='lat' dir='ltr'>tat,</span> <span class='ocrx_word' id='word_1_124' title='bbox 726 2542 921 2651; x_wconf 90' lang='lat' dir='ltr'>quoniam</span> <span class='ocrx_word' id='word_1_125' title='bbox 938 2539 1190 2652; x_wconf 90' lang='lat' dir='ltr'>impossibile</span> <span class='ocrx_word' id='word_1_126' title='bbox 1207 2557 1285 2640; x_wconf 89' lang='lat' dir='ltr'>est,</span> <span class='ocrx_word' id='word_1_127' title='bbox 1305 2557 1371 2638; x_wconf 86' lang='lat' dir='ltr'>ut,</span> <span class='ocrx_word' id='word_1_128' title='bbox 1390 2554 1607 2646; x_wconf 91' lang='lat' dir='ltr'>antequam</span> <span class='ocrx_word' id='word_1_129' title='bbox 1628 2538 1791 2617; x_wconf 84' lang='lat' dir='ltr'>sciverit</span> <span class='ocrx_word' id='word_1_130' title='bbox 1811 2532 1898 2620; x_wconf 89' lang='lat' dir='ltr'>rem</span> <span class='ocrx_word' id='word_1_131' title='bbox 1924 2570 1999 2622; x_wconf 89' lang='lat' dir='ltr'>suo</span> 
     </span>
     <span class='ocr_line' id='line_1_17' title="bbox 631 2656 1999 2773; baseline 0.001 -32"><span class='ocrx_word' id='word_1_132' title='bbox 631 2664 797 2743; x_wconf 92' lang='lat' dir='ltr'>nomine</span> <span class='ocrx_word' id='word_1_133' title='bbox 807 2690 891 2745; x_wconf 85' lang='lat' dir='ltr'>esse</span> <span class='ocrx_word' id='word_1_134' title='bbox 910 2662 1214 2773; x_wconf 88' lang='lat' dir='ltr'>apprehensam,</span> <span class='ocrx_word' id='word_1_135' title='bbox 1228 2659 1372 2741; x_wconf 88' lang='lat' dir='ltr'>habeat</span> <span class='ocrx_word' id='word_1_136' title='bbox 1388 2661 1568 2740; x_wconf 89' lang='lat' dir='ltr'>animum</span> <span class='ocrx_word' id='word_1_137' title='bbox 1581 2656 1659 2734; x_wconf 88' lang='lat' dir='ltr'>sibi</span> <span class='ocrx_word' id='word_1_138' title='bbox 1669 2656 1856 2737; x_wconf 88' lang='lat' dir='ltr'>habendi.</span> <span class='ocrx_word' id='word_1_139' title='bbox 1868 2662 1999 2769; x_wconf 85' lang='lat' dir='ltr'>Finge</span> 
     </span>
     <span class='ocr_line' id='line_1_18' title="bbox 633 2783 2000 2875; baseline 0.001 -12"><span class='ocrx_word' id='word_1_140' title='bbox 633 2787 741 2863; x_wconf 87' lang='lat' dir='ltr'>enim</span> <span class='ocrx_word' id='word_1_141' title='bbox 758 2787 913 2862; x_wconf 86' lang='lat' dir='ltr'>Titium</span> <span class='ocrx_word' id='word_1_142' title='bbox 941 2791 1186 2863; x_wconf 83' lang='lat' dir='ltr'>commisisse</span> <span class='ocrx_word' id='word_1_143' title='bbox 1201 2787 1343 2862; x_wconf 63' lang='lat' dir='ltr'>Maesio</span> <span class='ocrx_word' id='word_1_144' title='bbox 1370 2783 1541 2860; x_wconf 85' lang='lat' dir='ltr'>liberam</span> <span class='ocrx_word' id='word_1_145' title='bbox 1560 2808 1704 2861; x_wconf 88' lang='lat' dir='ltr'>rerum</span> <span class='ocrx_word' id='word_1_146' title='bbox 1731 2808 1898 2875; x_wconf 77' lang='lat' dir='ltr'>suarum</span> <span class='ocrx_word' id='word_1_147' title='bbox 1927 2783 2000 2865; x_wconf 88' lang='lat' dir='ltr'>ad-</span> 
     </span>
     <span class='ocr_line' id='line_1_19' title="bbox 634 2906 2001 3017; baseline -0.001 -29"><span class='ocrx_word' id='word_1_148' title='bbox 634 2908 985 3011; x_wconf 77' lang='lat' dir='ltr'>ministrationem,</span> <span class='ocrx_word' id='word_1_149' title='bbox 1003 2908 1166 2987; x_wconf 82' lang='lat' dir='ltr'>Maevius</span> <span class='ocrx_word' id='word_1_150' title='bbox 1176 2906 1256 2985; x_wconf 75' lang='lat' dir='ltr'>&#39;hac</span> <span class='ocrx_word' id='word_1_151' title='bbox 1273 2906 1560 3017; x_wconf 82' lang='lat' dir='ltr'>procuratione</span> <span class='ocrx_word' id='word_1_152' title='bbox 1572 2906 1752 2984; x_wconf 88' lang='lat' dir='ltr'>munitus</span> <span class='ocrx_word' id='word_1_153' title='bbox 1763 2909 1864 2985; x_wconf 84' lang='lat' dir='ltr'>emit</span> <span class='ocrx_word' id='word_1_154' title='bbox 1876 2923 1917 2987; x_wconf 88' lang='lat' dir='ltr'>et</span> <span class='ocrx_word' id='word_1_155' title='bbox 1929 2936 2001 3017; x_wconf 88' lang='lat' dir='ltr'>ap·</span> 
     </span>
     <span class='ocr_line' id='line_1_20' title="bbox 632 3027 2041 3141; baseline 0 -32"><span class='ocrx_word' id='word_1_156' title='bbox 632 3029 847 3141; x_wconf 88' lang='lat' dir='ltr'>prehendit</span> <span class='ocrx_word' id='word_1_157' title='bbox 857 3030 1028 3111; x_wconf 79' lang='lat' dir='ltr'>fundum</span> <span class='ocrx_word' id='word_1_158' title='bbox 1045 3030 1214 3111; x_wconf 88' lang='lat' dir='ltr'>nomine</span> <span class='ocrx_word' id='word_1_159' title='bbox 1227 3029 1326 3110; x_wconf 88' lang='lat' dir='ltr'>Titii</span> <span class='ocrx_word' id='word_1_160' title='bbox 1336 3027 1425 3131; x_wconf 88' lang='lat' dir='ltr'>,bic</span> <span class='ocrx_word' id='word_1_161' title='bbox 1435 3043 1649 3138; x_wconf 85' lang='lat' dir='ltr'>antequam</span> <span class='ocrx_word' id='word_1_162' title='bbox 1664 3030 1880 3135; x_wconf 88' lang='lat' dir='ltr'>emptionis</span> <span class='ocrx_word' id='word_1_163' title='bbox 1889 3028 1998 3109; x_wconf 88' lang='lat' dir='ltr'>iliius</span> <span class='ocrx_word' id='word_1_164' title='bbox 2037 3059 2041 3074; x_wconf 93' lang='lat'><em>·</em></span> 
     </span>
     <span class='ocr_line' id='line_1_21' title="bbox 634 3148 2000 3265; baseline -0.001 -32"><span class='ocrx_word' id='word_1_165' title='bbox 634 3157 817 3233; x_wconf 90' lang='lat' dir='ltr'>conscius</span> <span class='ocrx_word' id='word_1_166' title='bbox 847 3156 915 3259; x_wconf 85' lang='lat' dir='ltr'>sit,</span> <span class='ocrx_word' id='word_1_167' title='bbox 936 3158 1212 3261; x_wconf 85' lang='lat' dir='ltr'>¹interrogatur</span> <span class='ocrx_word' id='word_1_168' title='bbox 1237 3148 1289 3233; x_wconf 78' lang='lat' dir='ltr'>ab</span> <span class='ocrx_word' id='word_1_169' title='bbox 1308 3154 1467 3265; x_wconf 85' lang='lat' dir='ltr'>amicis,</span> <span class='ocrx_word' id='word_1_170' title='bbox 1496 3167 1635 3230; x_wconf 87' lang='lat' dir='ltr'>utrum</span> <span class='ocrx_word' id='word_1_171' title='bbox 1650 3148 1852 3248; x_wconf 66' lang='lat' dir='ltr'>fundum,</span> <span class='ocrx_word' id='word_1_172' title='bbox 1875 3178 2000 3260; x_wconf 91' lang='lat' dir='ltr'>quem</span> 
     </span>
    </p>
   </div>
   <div class='ocr_carea' id='block_1_4' title="bbox 485 3258 1999 3387">
    <p class='ocr_par' dir='ltr' id='par_1_4' title="bbox 485 3258 1999 3387">
     <span class='ocr_line' id='line_1_22' title="bbox 485 3258 1999 3387; baseline 0.001 -34"><span class='ocrx_word' id='word_1_173' title='bbox 485 3346 489 3353; x_wconf 82' lang='lat'>.</span> <span class='ocrx_word' id='word_1_174' title='bbox 632 3277 783 3357; x_wconf 86' lang='lat' dir='ltr'>scilicet</span> <span class='ocrx_word' id='word_1_175' title='bbox 800 3278 964 3358; x_wconf 75' lang='lat' dir='ltr'>Mevius</span> <span class='ocrx_word' id='word_1_176' title='bbox 979 3279 1065 3387; x_wconf 86' lang='lat' dir='ltr'>ejus</span> <span class='ocrx_word' id='word_1_177' title='bbox 1081 3260 1249 3359; x_wconf 82' lang='lat' dir='ltr'>uomirie</span> <span class='ocrx_word' id='word_1_178' title='bbox 1268 3273 1606 3387; x_wconf 85' lang='lat' dir='ltr'>apprehenderat,</span> <span class='ocrx_word' id='word_1_179' title='bbox 1619 3258 1999 3382; x_wconf 76' lang='lat' dir='ltr'>possideatiNonne</span> 
     </span>
    </p>
   </div>
   <div class='ocr_carea' id='block_1_5' title="bbox 502 3396 1998 4618">
    <p class='ocr_par' dir='ltr' id='par_1_5' title="bbox 502 3396 1998 3645">
     <span class='ocr_line' id='line_1_23' title="bbox 631 3396 1998 3513; baseline -0.005 -32"><span class='ocrx_word' id='word_1_180' title='bbox 631 3400 868 3483; x_wconf 85' lang='lat' dir='ltr'>naturaiiter</span> <span class='ocrx_word' id='word_1_181' title='bbox 890 3411 1253 3513; x_wconf 88' lang='lat' dir='ltr'>responsurus&#39;est,</span> <span class='ocrx_word' id='word_1_182' title='bbox 1275 3397 1321 3480; x_wconf 78' lang='lat' dir='ltr'>se</span> <span class='ocrx_word' id='word_1_183' title='bbox 1337 3398 1453 3479; x_wconf 88' lang='lat' dir='ltr'>iilum</span> <span class='ocrx_word' id='word_1_184' title='bbox 1473 3396 1648 3478; x_wconf 80' lang='lat' dir='ltr'>fundum</span> <span class='ocrx_word' id='word_1_185' title='bbox 1664 3424 1751 3479; x_wconf 92' lang='lat' dir='ltr'>non</span> <span class='ocrx_word' id='word_1_186' title='bbox 1774 3397 1998 3506; x_wconf 80' lang='lat' dir='ltr'>possidere?</span> 
     </span>
     <span class='ocr_line' id='line_1_24' title="bbox 502 3519 1991 3645; baseline -0.003 -40"><span class='ocrx_word' id='word_1_187' title='bbox 502 3634 506 3645; x_wconf 31' lang='grc' dir='ltr'>Ι</span> <span class='ocrx_word' id='word_1_188' title='bbox 633 3526 851 3626; x_wconf 91' lang='lat' dir='ltr'>Quomodo</span> <span class='ocrx_word' id='word_1_189' title='bbox 870 3554 966 3635; x_wconf 88' lang='lat' dir='ltr'>ergo</span> <span class='ocrx_word' id='word_1_190' title='bbox 989 3526 1067 3611; x_wconf 89' lang='lat' dir='ltr'>dici</span> <span class='ocrx_word' id='word_1_191' title='bbox 1085 3542 1219 3637; x_wconf 86' lang='lat' dir='ltr'>potest</span> <span class='ocrx_word' id='word_1_192' title='bbox 1239 3524 1389 3605; x_wconf 84' lang='lat' dir='ltr'>habere</span> <span class='ocrx_word' id='word_1_193' title='bbox 1409 3524 1594 3605; x_wconf 82' lang='lat' dir='ltr'>animum</span> <span class='ocrx_word' id='word_1_194' title='bbox 1613 3522 1692 3603; x_wconf 88' lang='lat' dir='ltr'>sibi</span> <span class='ocrx_word' id='word_1_195' title='bbox 1710 3521 1910 3622; x_wconf 84' lang='lat' dir='ltr'>habendi,</span> <span class='ocrx_word' id='word_1_196' title='bbox 1923 3519 1991 3629; x_wconf 84' lang='lat' dir='ltr'>qui</span> 
     </span>
    </p>

    <p class='ocr_par' dir='ltr' id='par_1_6' title="bbox 576 3646 1992 4618">
     <span class='ocr_line' id='line_1_25' title="bbox 576 3646 1988 3760; baseline -0.005 -35"><span class='ocrx_word' id='word_1_197' title='bbox 576 3700 580 3709; x_wconf 36' lang='grc' dir='ltr'><strong><em>ι</em></strong></span> <span class='ocrx_word' id='word_1_198' title='bbox 631 3648 786 3728; x_wconf 90' lang='lat' dir='ltr'>animus</span> <span class='ocrx_word' id='word_1_199' title='bbox 812 3666 946 3730; x_wconf 84' lang='lat' dir='ltr'>tamen</span> <span class='ocrx_word' id='word_1_200' title='bbox 972 3651 1023 3731; x_wconf 88' lang='lat' dir='ltr'>ad</span> <span class='ocrx_word' id='word_1_201' title='bbox 1050 3646 1337 3760; x_wconf 76' lang='lat' dir='ltr'>acquirendam</span> <span class='ocrx_word' id='word_1_202' title='bbox 1362 3648 1658 3759; x_wconf 86' lang='lat' dir='ltr'>possessionem</span> <span class='ocrx_word' id='word_1_203' title='bbox 1682 3646 1903 3727; x_wconf 83' lang='lat' dir='ltr'>necessario</span> <span class='ocrx_word' id='word_1_204' title='bbox 1924 3668 1988 3718; x_wconf 89' lang='lat' dir='ltr'>rc-</span> 
     </span>
     <span class='ocr_line' id='line_1_26' title="bbox 630 3760 1990 3885; baseline -0.009 -33"><span class='ocrx_word' id='word_1_205' title='bbox 630 3774 816 3884; x_wconf 79' lang='lat' dir='ltr'>quiritur.</span> <span class='ocrx_word' id='word_1_206' title='bbox 845 3774 924 3856; x_wconf 86' lang='lat' dir='ltr'>Sed</span> <span class='ocrx_word' id='word_1_207' title='bbox 950 3774 1056 3855; x_wconf 84' lang='lat' dir='ltr'>dicet</span> <span class='ocrx_word' id='word_1_208' title='bbox 1079 3777 1172 3885; x_wconf 87' lang='lat' dir='ltr'>quis</span> <span class='ocrx_word' id='word_1_209' title='bbox 1191 3804 1201 3852; x_wconf 91' lang='lat'>:</span> <span class='ocrx_word' id='word_1_210' title='bbox 1219 3773 1327 3856; x_wconf 88' lang='lat' dir='ltr'>bene</span> <span class='ocrx_word' id='word_1_211' title='bbox 1351 3788 1433 3872; x_wconf 80' lang='lat' dir='ltr'>est,</span> <span class='ocrx_word' id='word_1_212' title='bbox 1464 3773 1578 3884; x_wconf 83' lang='lat' dir='ltr'>quod</span> <span class='ocrx_word' id='word_1_213' title='bbox 1606 3772 1791 3853; x_wconf 80' lang='lat' dir='ltr'>dominus</span> <span class='ocrx_word' id='word_1_214' title='bbox 1812 3760 1990 3873; x_wconf 83' lang='lat' dir='ltr'>generali</span> 
     </span>
     <span class='ocr_line' id='line_1_27' title="bbox 629 3883 1989 4007; baseline -0.01 -32"><span class='ocrx_word' id='word_1_215' title='bbox 629 3895 701 3977; x_wconf 89' lang='lat' dir='ltr'>hac</span> <span class='ocrx_word' id='word_1_216' title='bbox 711 3902 994 4007; x_wconf 86' lang='lat' dir='ltr'>procuratione</span> <span class='ocrx_word' id='word_1_217' title='bbox 1012 3926 1097 3981; x_wconf 93' lang='lat' dir='ltr'>non</span> <span class='ocrx_word' id='word_1_218' title='bbox 1114 3900 1265 3981; x_wconf 85' lang='lat' dir='ltr'>habeat</span> <span class='ocrx_word' id='word_1_219' title='bbox 1278 3902 1460 3979; x_wconf 83' lang='lat' dir='ltr'>animum</span> <span class='ocrx_word' id='word_1_220' title='bbox 1475 3896 1682 4006; x_wconf 86' lang='lat' dir='ltr'>specialem</span> <span class='ocrx_word' id='word_1_221' title='bbox 1697 3892 1774 3972; x_wconf 85' lang='lat' dir='ltr'>sibi</span> <span class='ocrx_word' id='word_1_222' title='bbox 1792 3883 1989 3981; x_wconf 87' lang='lat' dir='ltr'>habendi,</span> 
     </span>
     <span class='ocr_line' id='line_1_28' title="bbox 625 4006 1992 4131; baseline -0.01 -32"><span class='ocrx_word' id='word_1_223' title='bbox 625 4034 669 4099; x_wconf 84' lang='lat' dir='ltr'>&#39;at</span> <span class='ocrx_word' id='word_1_224' title='bbox 685 4024 823 4105; x_wconf 86' lang='lat' dir='ltr'>saltem</span> <span class='ocrx_word' id='word_1_225' title='bbox 833 4028 1013 4108; x_wconf 89' lang='lat' dir='ltr'>animum</span> <span class='ocrx_word' id='word_1_226' title='bbox 1031 4030 1233 4131; x_wconf 86' lang='lat' dir='ltr'>ingenere</span> <span class='ocrx_word' id='word_1_227' title='bbox 1246 4022 1485 4129; x_wconf 85' lang='lat' dir='ltr'>acquirendi</span> <span class='ocrx_word' id='word_1_228' title='bbox 1494 4047 1609 4102; x_wconf 89' lang='lat' dir='ltr'>omne</span> <span class='ocrx_word' id='word_1_229' title='bbox 1622 4006 1870 4118; x_wconf 87' lang='lat' dir='ltr'>illud,quod</span> <span class='ocrx_word' id='word_1_230' title='bbox 1883 4033 1992 4087; x_wconf 87' lang='lat' dir='ltr'>man·</span> 
     </span>
     <span class='ocr_line' id='line_1_29' title="bbox 632 4126 1991 4257; baseline -0.02 -25"><span class='ocrx_word' id='word_1_231' title='bbox 632 4141 804 4231; x_wconf 67' lang='lat' dir='ltr'>daiafius</span> <span class='ocrx_word' id='word_1_232' title='bbox 813 4152 854 4230; x_wconf 82' lang='lat' dir='ltr'>vi</span> <span class='ocrx_word' id='word_1_233' title='bbox 866 4148 1044 4229; x_wconf 86' lang='lat' dir='ltr'>mandati</span> <span class='ocrx_word' id='word_1_234' title='bbox 1059 4148 1144 4257; x_wconf 84' lang='lat' dir='ltr'>ejus</span> <span class='ocrx_word' id='word_1_235' title='bbox 1155 4136 1605 4251; x_wconf 64' lang='lat' dir='ltr'>‘nomineapprehendit</span> <span class='ocrx_word' id='word_1_236' title='bbox 1614 4133 1712 4241; x_wconf 78' lang='lat' dir='ltr'>3jam</span> <span class='ocrx_word' id='word_1_237' title='bbox 1727 4148 1860 4210; x_wconf 81' lang='lat' dir='ltr'>autem</span> <span class='ocrx_word' id='word_1_238' title='bbox 1867 4126 1991 4207; x_wconf 81' lang='lat' dir='ltr'>talem</span> 
     </span>
     <span class='ocr_line' id='line_1_30' title="bbox 625 4247 1991 4367; baseline -0.012 -24"><span class='ocrx_word' id='word_1_239' title='bbox 625 4265 810 4347; x_wconf 81' lang='lat' dir='ltr'>animum</span> <span class='ocrx_word' id='word_1_240' title='bbox 820 4270 995 4353; x_wconf 85' lang='lat' dir='ltr'>diximus</span> <span class='ocrx_word' id='word_1_241' title='bbox 1014 4251 1901 4367; x_wconf 68' lang='lat' dir='ltr'>sufficere‘inrebmpccuiiaribusexhdi,§</span> <span class='ocrx_word' id='word_1_242' title='bbox 1923 4247 1991 4328; x_wconf 68' lang='lat' dir='ltr'>sti.</span> 
     </span>
     <span class='ocr_line' id='line_1_31' title="bbox 625 4375 1989 4495; baseline -0.01 -33"><span class='ocrx_word' id='word_1_243' title='bbox 625 4375 1989 4495; x_wconf 79' lang='lat' dir='ltr'>ir.t.;ergoethicdebetsuiiicere.Respondemus,exeonihiisenten-</span> 
     </span>
     <span class='ocr_line' id='line_1_32' title="bbox 630 4494 1990 4618; baseline -0.01 -29"><span class='ocrx_word' id='word_1_244' title='bbox 630 4508 695 4584; x_wconf 79' lang='lat' dir='ltr'>tiae</span> <span class='ocrx_word' id='word_1_245' title='bbox 703 4529 849 4592; x_wconf 85' lang='lat' dir='ltr'>nostrae</span> <span class='ocrx_word' id='word_1_246' title='bbox 858 4513 1105 4595; x_wconf 86' lang='lat' dir='ltr'>contrarium</span> <span class='ocrx_word' id='word_1_247' title='bbox 1115 4511 1261 4595; x_wconf 90' lang='lat' dir='ltr'>deduci</span> <span class='ocrx_word' id='word_1_248' title='bbox 1270 4500 1689 4618; x_wconf 75' lang='lat' dir='ltr'>posse30tenirn,licet</span> <span class='ocrx_word' id='word_1_249' title='bbox 1696 4494 1990 4608; x_wconf 74' lang='lat' dir='ltr'>placueritiegi.</span> 
     </span>
    </p>
   </div>
   <div class='ocr_carea' id='block_1_6' title="bbox 0 0 2264 5864">
    <p class='ocr_par' dir='ltr' id='par_1_7' title="bbox 0 0 2264 5864">
     <span class='ocr_line' id='line_1_33' title="bbox 0 0 2264 5864; baseline 0 0"><span class='ocrx_word' id='word_1_250' title='bbox 0 0 2264 5864; x_wconf 95' lang='lat' dir='ltr'> </span> 
     </span>
    </p>
   </div>
  </div>
 </body>
</html>
