<?xml version="1.0" encoding="UTF-8"?>
<!DOCTYPE html PUBLIC "-//W3C//DTD XHTML 1.0 Transitional//EN"
    "http://www.w3.org/TR/xhtml1/DTD/xhtml1-transitional.dtd">
<html xmlns="http://www.w3.org/1999/xhtml" xml:lang="en" lang="en">
 <head>
  <title>
</title>
<meta http-equiv="Content-Type" content="text/html;charset=utf-8" />
  <meta name='ocr-system' content='tesseract 3.04.00' />
  <meta name='ocr-capabilities' content='ocr_page ocr_carea ocr_par ocr_line ocrx_word'/>
</head>
<body>
  <div class='ocr_page' id='page_1' title='image "annalesacademia01goog_0458.png"; bbox 0 0 4517 5867; ppageno 0'>
   <div class='ocr_carea' id='block_1_1' title="bbox 671 646 1642 729">
    <p class='ocr_par' dir='ltr' id='par_1_1' title="bbox 671 646 1642 729">
     <span class='ocr_line' id='line_1_1' title="bbox 671 646 1642 729; baseline 0.012 -17"><span class='ocrx_word' id='word_1_1' title='bbox 671 646 736 729; x_wconf 68' lang='lat'><strong>104</strong></span> <span class='ocrx_word' id='word_1_2' title='bbox 1052 648 1210 720; x_wconf 78' lang='lat' dir='ltr'><strong>FRANC·</strong></span> <span class='ocrx_word' id='word_1_3' title='bbox 1235 647 1323 718; x_wconf 81' lang='lat' dir='ltr'><strong>JAC.</strong></span> <span class='ocrx_word' id='word_1_4' title='bbox 1349 650 1642 725; x_wconf 80' lang='lat' dir='ltr'><strong>SCHOLLAERT</strong></span> 
     </span>
    </p>
   </div>
   <div class='ocr_carea' id='block_1_2' title="bbox 649 825 2109 2641">
    <p class='ocr_par' dir='ltr' id='par_1_2' title="bbox 649 825 2109 2641">
     <span class='ocr_line' id='line_1_2' title="bbox 663 825 2031 938; baseline 0.009 -33"><span class='ocrx_word' id='word_1_5' title='bbox 663 825 894 925; x_wconf 81' lang='lat' dir='ltr'><strong>Dnrnvans)</strong></span> <span class='ocrx_word' id='word_1_6' title='bbox 920 826 998 933; x_wconf 84' lang='lat'><strong>(1),</strong></span> <span class='ocrx_word' id='word_1_7' title='bbox 1023 828 1095 937; x_wconf 90' lang='lat' dir='ltr'><strong>qui</strong></span> <span class='ocrx_word' id='word_1_8' title='bbox 1122 829 1166 904; x_wconf 90' lang='lat' dir='ltr'><strong>in</strong></span> <span class='ocrx_word' id='word_1_9' title='bbox 1192 832 1443 936; x_wconf 85' lang='lat' dir='ltr'>possessione</span> <span class='ocrx_word' id='word_1_10' title='bbox 1473 831 1678 910; x_wconf 86' lang='lat' dir='ltr'><strong>servitutis</strong></span> <span class='ocrx_word' id='word_1_11' title='bbox 1705 830 1910 938; x_wconf 84' lang='lat' dir='ltr'><strong>turbatur,</strong></span> <span class='ocrx_word' id='word_1_12' title='bbox 1941 864 2031 917; x_wconf 91' lang='lat' dir='ltr'><strong>non</strong></span> 
     </span>
     <span class='ocr_line' id='line_1_3' title="bbox 661 949 2109 1062; baseline 0.009 -37"><span class='ocrx_word' id='word_1_13' title='bbox 661 965 794 1053; x_wconf 90' lang='lat' dir='ltr'><strong>potest</strong></span> <span class='ocrx_word' id='word_1_14' title='bbox 819 949 1017 1028; x_wconf 86' lang='lat' dir='ltr'><strong>actionem</strong></span> <span class='ocrx_word' id='word_1_15' title='bbox 1039 953 1322 1058; x_wconf 88' lang='lat' dir='ltr'><strong>possessoriam</strong></span> <span class='ocrx_word' id='word_1_16' title='bbox 1346 980 1553 1053; x_wconf 85' lang='lat' dir='ltr'><strong>exercere,</strong></span> <span class='ocrx_word' id='word_1_17' title='bbox 1575 954 1653 1031; x_wconf 91' lang='lat' dir='ltr'><strong>nisi</strong></span> <span class='ocrx_word' id='word_1_18' title='bbox 1672 954 1845 1033; x_wconf 84' lang='lat' dir='ltr'><strong>servitus</strong></span> <span class='ocrx_word' id='word_1_19' title='bbox 1863 956 1946 1062; x_wconf 82' lang='lat' dir='ltr'><strong>ejus</strong></span> <span class='ocrx_word' id='word_1_20' title='bbox 1974 962 2030 1039; x_wconf 87' lang='lat' dir='ltr'><strong>sit</strong></span> <span class='ocrx_word' id='word_1_21' title='bbox 2106 993 2109 1000; x_wconf 90' lang='lat'>·</span> 
     </span>
     <span class='ocr_line' id='line_1_4' title="bbox 661 1071 2029 1175; baseline 0.008 -31"><span class='ocrx_word' id='word_1_22' title='bbox 661 1094 855 1175; x_wconf 88' lang='lat' dir='ltr'><strong>apparens</strong></span> <span class='ocrx_word' id='word_1_23' title='bbox 883 1071 1002 1150; x_wconf 91' lang='lat' dir='ltr'><strong>simul</strong></span> <span class='ocrx_word' id='word_1_24' title='bbox 1037 1088 1077 1151; x_wconf 88' lang='lat' dir='ltr'><strong>et</strong></span> <span class='ocrx_word' id='word_1_25' title='bbox 1109 1076 1319 1173; x_wconf 89' lang='lat' dir='ltr'><strong>continua;</strong></span> <span class='ocrx_word' id='word_1_26' title='bbox 1350 1076 1534 1154; x_wconf 91' lang='lat' dir='ltr'><strong>omnium</strong></span> <span class='ocrx_word' id='word_1_27' title='bbox 1559 1076 1669 1153; x_wconf 90' lang='lat' dir='ltr'><strong>enim</strong></span> <span class='ocrx_word' id='word_1_28' title='bbox 1701 1075 1871 1154; x_wconf 84' lang='lat' dir='ltr'><strong>aliarum</strong></span> <span class='ocrx_word' id='word_1_29' title='bbox 1904 1081 2029 1155; x_wconf 86' lang='lat' dir='ltr'><strong>servi·</strong></span> 
     </span>
     <span class='ocr_line' id='line_1_5' title="bbox 660 1195 2027 1305; baseline 0.007 -38"><span class='ocrx_word' id='word_1_30' title='bbox 660 1206 794 1269; x_wconf 90' lang='lat' dir='ltr'><strong>tutum</strong></span> <span class='ocrx_word' id='word_1_31' title='bbox 825 1195 1041 1300; x_wconf 88' lang='lat' dir='ltr'><strong>possessio,</strong></span> <span class='ocrx_word' id='word_1_32' title='bbox 1069 1223 1163 1275; x_wconf 90' lang='lat' dir='ltr'><strong>cum</strong></span> <span class='ocrx_word' id='word_1_33' title='bbox 1191 1199 1272 1277; x_wconf 88' lang='lat' dir='ltr'><strong>sint</strong></span> <span class='ocrx_word' id='word_1_34' title='bbox 1300 1198 1525 1279; x_wconf 83' lang='lat' dir='ltr'><strong>necessario</strong></span> <span class='ocrx_word' id='word_1_35' title='bbox 1558 1198 1762 1277; x_wconf 76' lang='lat' dir='ltr'><strong>continuae</strong></span> <span class='ocrx_word' id='word_1_36' title='bbox 1794 1223 1880 1275; x_wconf 93' lang='lat' dir='ltr'><strong>non</strong></span> <span class='ocrx_word' id='word_1_37' title='bbox 1906 1224 2027 1305; x_wconf 91' lang='lat' dir='ltr'><strong>appa-</strong></span> 
     </span>
     <span class='ocr_line' id='line_1_6' title="bbox 659 1317 2028 1429; baseline 0.004 -37"><span class='ocrx_word' id='word_1_38' title='bbox 659 1331 809 1417; x_wconf 80' lang='lat' dir='ltr'><strong>rentes,</strong></span> <span class='ocrx_word' id='word_1_39' title='bbox 827 1318 890 1397; x_wconf 89' lang='lat' dir='ltr'><strong>vel</strong></span> <span class='ocrx_word' id='word_1_40' title='bbox 918 1317 1183 1400; x_wconf 90' lang='lat' dir='ltr'><strong>discontinuae</strong></span> <span class='ocrx_word' id='word_1_41' title='bbox 1209 1338 1447 1429; x_wconf 80' lang='lat' dir='ltr'><strong>apparentes</strong></span> <span class='ocrx_word' id='word_1_42' title='bbox 1470 1336 1541 1399; x_wconf 89' lang='lat' dir='ltr'><strong>aut</strong></span> <span class='ocrx_word' id='word_1_43' title='bbox 1571 1347 1656 1398; x_wconf 91' lang='lat' dir='ltr'><strong>non</strong></span> <span class='ocrx_word' id='word_1_44' title='bbox 1687 1337 1950 1427; x_wconf 84' lang='lat' dir='ltr'><strong>apparentes,</strong></span> <span class='ocrx_word' id='word_1_45' title='bbox 1978 1318 2028 1398; x_wconf 83' lang='lat' dir='ltr'><strong>ad</strong></span> 
     </span>
     <span class='ocr_line' id='line_1_7' title="bbox 656 1440 2027 1548; baseline 0.001 -31"><span class='ocrx_word' id='word_1_46' title='bbox 656 1440 999 1547; x_wconf 71' lang='lat' dir='ltr'><strong>praescriptionem</strong></span> <span class='ocrx_word' id='word_1_47' title='bbox 1020 1459 1081 1519; x_wconf 93' lang='lat' dir='ltr'><strong>est</strong></span> <span class='ocrx_word' id='word_1_48' title='bbox 1103 1440 1293 1519; x_wconf 87' lang='lat' dir='ltr'><strong>inhabilis</strong></span> <span class='ocrx_word' id='word_1_49' title='bbox 1313 1460 1384 1520; x_wconf 87' lang='lat' dir='ltr'><strong>art.</strong></span> <span class='ocrx_word' id='word_1_50' title='bbox 1402 1442 1482 1548; x_wconf 84' lang='lat'><strong>690</strong></span> <span class='ocrx_word' id='word_1_51' title='bbox 1500 1459 1541 1521; x_wconf 91' lang='lat' dir='ltr'><strong>et</strong></span> <span class='ocrx_word' id='word_1_52' title='bbox 1558 1442 1633 1547; x_wconf 89' lang='lat'><strong>691</strong></span> <span class='ocrx_word' id='word_1_53' title='bbox 1658 1440 1757 1520; x_wconf 89' lang='lat' dir='ltr'><strong>Cod.</strong></span> <span class='ocrx_word' id='word_1_54' title='bbox 1779 1441 1862 1521; x_wconf 83' lang='lat' dir='ltr'><strong>civ.</strong></span> <span class='ocrx_word' id='word_1_55' title='bbox 1885 1440 2027 1537; x_wconf 85' lang='lat' dir='ltr'><strong>Unde,</strong></span> 
     </span>
     <span class='ocr_line' id='line_1_8' title="bbox 657 1549 2026 1667; baseline 0.001 -28"><span class='ocrx_word' id='word_1_56' title='bbox 657 1586 749 1639; x_wconf 90' lang='lat' dir='ltr'><strong>cum</strong></span> <span class='ocrx_word' id='word_1_57' title='bbox 769 1563 993 1667; x_wconf 82' lang='lat' dir='ltr'><strong>praecipuus</strong></span> <span class='ocrx_word' id='word_1_58' title='bbox 1016 1563 1184 1638; x_wconf 88' lang='lat' dir='ltr'><strong>actionis</strong></span> <span class='ocrx_word' id='word_1_59' title='bbox 1210 1563 1464 1667; x_wconf 84' lang='lat' dir='ltr'><strong>possessoriae</strong></span> <span class='ocrx_word' id='word_1_60' title='bbox 1483 1560 1651 1640; x_wconf 78' lang='lat' dir='ltr'><strong>effectus</strong></span> <span class='ocrx_word' id='word_1_61' title='bbox 1678 1578 1738 1640; x_wconf 90' lang='lat' dir='ltr'><strong>est</strong></span> <span class='ocrx_word' id='word_1_62' title='bbox 1761 1549 2026 1641; x_wconf 75' lang='lat' dir='ltr'><strong>conservandi</strong></span> 
     </span>
     <span class='ocr_line' id='line_1_9' title="bbox 656 1680 2029 1790; baseline 0.005 -33"><span class='ocrx_word' id='word_1_63' title='bbox 656 1680 855 1759; x_wconf 89' lang='lat' dir='ltr'><strong>detentori</strong></span> <span class='ocrx_word' id='word_1_64' title='bbox 876 1680 1190 1788; x_wconf 88' lang='lat' dir='ltr'><strong>possessionem,</strong></span> <span class='ocrx_word' id='word_1_65' title='bbox 1203 1683 1403 1762; x_wconf 89' lang='lat' dir='ltr'><strong>sententia</strong></span> <span class='ocrx_word' id='word_1_66' title='bbox 1423 1684 1467 1761; x_wconf 89' lang='lat' dir='ltr'><strong>in</strong></span> <span class='ocrx_word' id='word_1_67' title='bbox 1481 1685 1725 1790; x_wconf 86' lang='lat' dir='ltr'><strong>possessorio</strong></span> <span class='ocrx_word' id='word_1_68' title='bbox 1735 1682 1905 1764; x_wconf 88' lang='lat' dir='ltr'><strong>ferenda</strong></span> <span class='ocrx_word' id='word_1_69' title='bbox 1924 1703 2029 1765; x_wconf 88' lang='lat' dir='ltr'><strong>esset</strong></span> 
     </span>
     <span class='ocr_line' id='line_1_10' title="bbox 654 1798 2026 1913; baseline 0.003 -32"><span class='ocrx_word' id='word_1_70' title='bbox 654 1798 803 1882; x_wconf 88' lang='lat' dir='ltr'><strong>directe</strong></span> <span class='ocrx_word' id='word_1_71' title='bbox 813 1801 1266 1911; x_wconf 88' lang='lat' dir='ltr'><strong>contradispositionem</strong></span> <span class='ocrx_word' id='word_1_72' title='bbox 1275 1803 1495 1909; x_wconf 82' lang='lat' dir='ltr'><strong>legis3nam</strong></span> <span class='ocrx_word' id='word_1_73' title='bbox 1505 1803 1672 1886; x_wconf 84' lang='lat' dir='ltr'><strong>dictart.</strong></span> <span class='ocrx_word' id='word_1_74' title='bbox 1686 1804 1758 1912; x_wconf 83' lang='lat'><strong>691</strong></span> <span class='ocrx_word' id='word_1_75' title='bbox 1770 1832 1857 1886; x_wconf 92' lang='lat' dir='ltr'><strong>non</strong></span> <span class='ocrx_word' id='word_1_76' title='bbox 1865 1807 2026 1913; x_wconf 84' lang='lat' dir='ltr'><strong>patitur</strong></span> 
     </span>
     <span class='ocr_line' id='line_1_11' title="bbox 652 1922 2026 2036; baseline 0.005 -37"><span class='ocrx_word' id='word_1_77' title='bbox 652 1922 747 2002; x_wconf 85' lang='lat' dir='ltr'><strong>alias</strong></span> <span class='ocrx_word' id='word_1_78' title='bbox 767 1926 977 2005; x_wconf 87' lang='lat' dir='ltr'><strong>servitutes</strong></span> <span class='ocrx_word' id='word_1_79' title='bbox 994 1952 1117 2036; x_wconf 90' lang='lat' dir='ltr'><strong>quam</strong></span> <span class='ocrx_word' id='word_1_80' title='bbox 1137 1942 1375 2035; x_wconf 87' lang='lat' dir='ltr'><strong>apparentes</strong></span> <span class='ocrx_word' id='word_1_81' title='bbox 1395 1925 1515 2006; x_wconf 87' lang='lat' dir='ltr'><strong>simul</strong></span> <span class='ocrx_word' id='word_1_82' title='bbox 1536 1944 1575 2007; x_wconf 90' lang='lat' dir='ltr'><strong>et</strong></span> <span class='ocrx_word' id='word_1_83' title='bbox 1595 1929 1802 2009; x_wconf 88' lang='lat' dir='ltr'><strong>continuas</strong></span> <span class='ocrx_word' id='word_1_84' title='bbox 1823 1927 2026 2007; x_wconf 67' lang='lat' dir='ltr'><strong>diuturna</strong></span> 
     </span>
     <span class='ocr_line' id='line_1_12' title="bbox 652 2048 2026 2158; baseline 0.001 -35"><span class='ocrx_word' id='word_1_85' title='bbox 652 2049 901 2151; x_wconf 85' lang='lat' dir='ltr'><strong>possessione</strong></span> <span class='ocrx_word' id='word_1_86' title='bbox 922 2076 995 2127; x_wconf 91' lang='lat' dir='ltr'><strong>seu</strong></span> <span class='ocrx_word' id='word_1_87' title='bbox 1014 2050 1317 2156; x_wconf 83' lang='lat' dir='ltr'><strong>praescriptione</strong></span> <span class='ocrx_word' id='word_1_88' title='bbox 1336 2050 1507 2158; x_wconf 83' lang='lat' dir='ltr'><strong>acquiri,</strong></span> <span class='ocrx_word' id='word_1_89' title='bbox 1536 2048 1620 2129; x_wconf 75' lang='lat' dir='ltr'><strong>haec</strong></span> <span class='ocrx_word' id='word_1_90' title='bbox 1641 2051 1718 2143; x_wconf 88' lang='lat' dir='ltr'><strong>ita,</strong></span> <span class='ocrx_word' id='word_1_91' title='bbox 1740 2051 1774 2127; x_wconf 88' lang='lat' dir='ltr'><strong>si</strong></span> <span class='ocrx_word' id='word_1_92' title='bbox 1800 2051 1858 2148; x_wconf 88' lang='lat' dir='ltr'><strong>is,</strong></span> <span class='ocrx_word' id='word_1_93' title='bbox 1877 2052 1956 2158; x_wconf 88' lang='lat' dir='ltr'><strong>qui</strong></span> <span class='ocrx_word' id='word_1_94' title='bbox 1980 2049 2026 2125; x_wconf 91' lang='lat' dir='ltr'><strong>in</strong></span> 
     </span>
     <span class='ocr_line' id='line_1_13' title="bbox 650 2166 2027 2275; baseline 0.003 -32"><span class='ocrx_word' id='word_1_95' title='bbox 650 2168 854 2246; x_wconf 88' lang='lat' dir='ltr'><strong>servitutis</strong></span> <span class='ocrx_word' id='word_1_96' title='bbox 872 2170 1121 2275; x_wconf 89' lang='lat' dir='ltr'><strong>possessione</strong></span> <span class='ocrx_word' id='word_1_97' title='bbox 1139 2166 1348 2271; x_wconf 84' lang='lat' dir='ltr'><strong>turbatur,</strong></span> <span class='ocrx_word' id='word_1_98' title='bbox 1369 2198 1454 2248; x_wconf 90' lang='lat' dir='ltr'><strong>non</strong></span> <span class='ocrx_word' id='word_1_99' title='bbox 1473 2168 1620 2249; x_wconf 80' lang='lat' dir='ltr'><strong>habeat</strong></span> <span class='ocrx_word' id='word_1_100' title='bbox 1639 2169 1832 2271; x_wconf 87' lang='lat' dir='ltr'><strong>titulum,</strong></span> <span class='ocrx_word' id='word_1_101' title='bbox 1857 2186 1900 2247; x_wconf 86' lang='lat' dir='ltr'><strong>at</strong></span> <span class='ocrx_word' id='word_1_102' title='bbox 1922 2171 1956 2247; x_wconf 85' lang='lat' dir='ltr'><strong>si</strong></span> <span class='ocrx_word' id='word_1_103' title='bbox 1975 2171 2027 2247; x_wconf 92' lang='lat' dir='ltr'><strong>ti·</strong></span> 
     </span>
     <span class='ocr_line' id='line_1_14' title="bbox 650 2285 2027 2399; baseline 0.001 -34"><span class='ocrx_word' id='word_1_104' title='bbox 650 2285 737 2365; x_wconf 91' lang='lat' dir='ltr'><strong>tulo</strong></span> <span class='ocrx_word' id='word_1_105' title='bbox 755 2290 937 2369; x_wconf 90' lang='lat' dir='ltr'><strong>munitus</strong></span> <span class='ocrx_word' id='word_1_106' title='bbox 953 2306 1030 2393; x_wconf 83' lang='lat' dir='ltr'><strong>est,</strong></span> <span class='ocrx_word' id='word_1_107' title='bbox 1056 2293 1212 2371; x_wconf 86' lang='lat' dir='ltr'><strong>tametsi</strong></span> <span class='ocrx_word' id='word_1_108' title='bbox 1228 2311 1368 2397; x_wconf 81' lang='lat' dir='ltr'><strong>agatur</strong></span> <span class='ocrx_word' id='word_1_109' title='bbox 1384 2293 1435 2373; x_wconf 94' lang='lat' dir='ltr'><strong>dc</strong></span> <span class='ocrx_word' id='word_1_110' title='bbox 1453 2295 1643 2373; x_wconf 85' lang='lat' dir='ltr'><strong>servitute</strong></span> <span class='ocrx_word' id='word_1_111' title='bbox 1662 2290 1740 2370; x_wconf 79' lang='lat' dir='ltr'><strong>alit</strong></span> <span class='ocrx_word' id='word_1_112' title='bbox 1765 2318 1890 2398; x_wconf 89' lang='lat' dir='ltr'><strong>quam</strong></span> <span class='ocrx_word' id='word_1_113' title='bbox 1912 2317 2027 2399; x_wconf 86' lang='lat' dir='ltr'><strong>appa-</strong></span> 
     </span>
     <span class='ocr_line' id='line_1_15' title="bbox 649 2412 2024 2519; baseline 0.002 -31"><span class='ocrx_word' id='word_1_114' title='bbox 649 2427 762 2491; x_wconf 86' lang='lat' dir='ltr'><strong>rente</strong></span> <span class='ocrx_word' id='word_1_115' title='bbox 785 2412 966 2493; x_wconf 91' lang='lat' dir='ltr'><strong>simulet</strong></span> <span class='ocrx_word' id='word_1_116' title='bbox 988 2414 1196 2513; x_wconf 72' lang='lat' dir='ltr'><strong>continua,</strong></span> <span class='ocrx_word' id='word_1_117' title='bbox 1215 2432 1348 2519; x_wconf 87' lang='lat' dir='ltr'><strong>potest</strong></span> <span class='ocrx_word' id='word_1_118' title='bbox 1372 2416 1572 2493; x_wconf 86' lang='lat' dir='ltr'><strong>actionem</strong></span> <span class='ocrx_word' id='word_1_119' title='bbox 1593 2414 1881 2519; x_wconf 88' lang='lat' dir='ltr'><strong>possessoriam</strong></span> <span class='ocrx_word' id='word_1_120' title='bbox 1908 2440 2024 2491; x_wconf 84' lang='lat' dir='ltr'><strong>exer-</strong></span> 
     </span>
     <span class='ocr_line' id='line_1_16' title="bbox 650 2533 1829 2641; baseline 0 -30"><span class='ocrx_word' id='word_1_121' title='bbox 650 2558 761 2634; x_wconf 88' lang='lat' dir='ltr'><strong>cere,</strong></span> <span class='ocrx_word' id='word_1_122' title='bbox 781 2535 815 2611; x_wconf 91' lang='lat' dir='ltr'><strong>si</strong></span> <span class='ocrx_word' id='word_1_123' title='bbox 836 2536 879 2613; x_wconf 91' lang='lat' dir='ltr'><strong>in</strong></span> <span class='ocrx_word' id='word_1_124' title='bbox 899 2534 944 2613; x_wconf 68' lang='lat' dir='ltr'><strong>eb</strong></span> <span class='ocrx_word' id='word_1_125' title='bbox 967 2534 1152 2619; x_wconf 88' lang='lat' dir='ltr'><strong>turbetur</strong></span> <span class='ocrx_word' id='word_1_126' title='bbox 1172 2552 1242 2616; x_wconf 84' lang='lat' dir='ltr'><strong>aut</strong></span> <span class='ocrx_word' id='word_1_127' title='bbox 1263 2536 1384 2614; x_wconf 83' lang='lat' dir='ltr'><strong>etiam</strong></span> <span class='ocrx_word' id='word_1_128' title='bbox 1405 2536 1451 2613; x_wconf 63' lang='lat' dir='ltr'><strong>eb</strong></span> <span class='ocrx_word' id='word_1_129' title='bbox 1471 2533 1668 2641; x_wconf 81' lang='lat' dir='ltr'><strong>spoliatus</strong></span> <span class='ocrx_word' id='word_1_130' title='bbox 1686 2536 1739 2613; x_wconf 91' lang='lat' dir='ltr'><strong>sit</strong></span> <span class='ocrx_word' id='word_1_131' title='bbox 1759 2534 1829 2640; x_wconf 86' lang='grc'>(2).</span> 
     </span>
    </p>
   </div>
   <div class='ocr_carea' id='block_1_3' title="bbox 647 2726 2022 2961">
    <p class='ocr_par' dir='ltr' id='par_1_3' title="bbox 647 2726 2022 2961">
     <span class='ocr_line' id='line_1_17' title="bbox 697 2726 2022 2839; baseline 0.003 -36"><span class='ocrx_word' id='word_1_132' title='bbox 697 2726 1086 2814; x_wconf 63' lang='grc' dir='ltr'><strong>Βίκίιηηε.2εῐίοιιεε</strong></span> <span class='ocrx_word' id='word_1_133' title='bbox 1096 2733 1358 2829; x_wconf 76' lang='lat' dir='ltr'><strong>possessorias</strong></span> <span class='ocrx_word' id='word_1_134' title='bbox 1369 2757 1454 2809; x_wconf 92' lang='lat' dir='ltr'><strong>non</strong></span> <span class='ocrx_word' id='word_1_135' title='bbox 1470 2728 1556 2811; x_wconf 90' lang='lat' dir='ltr'><strong>dari</strong></span> <span class='ocrx_word' id='word_1_136' title='bbox 1568 2731 1645 2811; x_wconf 90' lang='lat' dir='ltr'><strong>nisi</strong></span> <span class='ocrx_word' id='word_1_137' title='bbox 1658 2730 2022 2839; x_wconf 89' lang='lat' dir='ltr'><strong>obpossessionem</strong></span> 
     </span>
     <span class='ocr_line' id='line_1_18' title="bbox 647 2836 2022 2961; baseline 0.007 -42"><span class='ocrx_word' id='word_1_138' title='bbox 647 2846 707 2919; x_wconf 88' lang='lat' dir='ltr'><strong>rei</strong></span> <span class='ocrx_word' id='word_1_139' title='bbox 720 2838 961 2939; x_wconf 82' lang='lat' dir='ltr'><strong>immobilis,</strong></span> <span class='ocrx_word' id='word_1_140' title='bbox 980 2836 1077 2917; x_wconf 90' lang='lat' dir='ltr'><strong>binc</strong></span> <span class='ocrx_word' id='word_1_141' title='bbox 1091 2864 1156 2917; x_wconf 85' lang='lat' dir='ltr'><strong>eas</strong></span> <span class='ocrx_word' id='word_1_142' title='bbox 1168 2848 1390 2949; x_wconf 88' lang='lat' dir='ltr'><strong>possessori</strong></span> <span class='ocrx_word' id='word_1_143' title='bbox 1403 2876 1541 2931; x_wconf 87' lang='lat' dir='ltr'><strong>rerum</strong></span> <span class='ocrx_word' id='word_1_144' title='bbox 1558 2851 1772 2933; x_wconf 86' lang='lat' dir='ltr'><strong>mobilium</strong></span> <span class='ocrx_word' id='word_1_145' title='bbox 1791 2878 2022 2961; x_wconf 82' lang='lat' dir='ltr'><strong>numquam</strong></span> 
     </span>
    </p>
   </div>
   <div class='ocr_carea' id='block_1_4' title="bbox 642 2958 2102 4171">
    <p class='ocr_par' dir='ltr' id='par_1_4' title="bbox 642 2958 2102 4171">
     <span class='ocr_line' id='line_1_19' title="bbox 648 2958 2018 3073; baseline 0.001 -31"><span class='ocrx_word' id='word_1_146' title='bbox 648 2978 885 3073; x_wconf 89' lang='lat' dir='ltr'><strong>competere.</strong></span> <span class='ocrx_word' id='word_1_147' title='bbox 911 2962 962 3041; x_wconf 86' lang='lat' dir='ltr'><strong>Et</strong></span> <span class='ocrx_word' id='word_1_148' title='bbox 988 2987 1129 3041; x_wconf 81' lang='lat' dir='ltr'><strong>revera</strong></span> <span class='ocrx_word' id='word_1_149' title='bbox 1153 2958 1301 3039; x_wconf 88' lang='lat' dir='ltr'><strong>dicitur</strong></span> <span class='ocrx_word' id='word_1_150' title='bbox 1323 2968 1367 3039; x_wconf 90' lang='lat' dir='ltr'><strong>in</strong></span> <span class='ocrx_word' id='word_1_151' title='bbox 1389 2984 1461 3041; x_wconf 79' lang='lat' dir='ltr'><strong>art</strong></span> <span class='ocrx_word' id='word_1_152' title='bbox 1482 2990 1586 3069; x_wconf 92' lang='grc'>2279</span> <span class='ocrx_word' id='word_1_153' title='bbox 1610 2990 1659 3037; x_wconf 80' lang='lat' dir='ltr'><strong>en</strong></span> <span class='ocrx_word' id='word_1_154' title='bbox 1669 2977 1763 3061; x_wconf 79' lang='lat' dir='ltr'><strong>fort</strong></span> <span class='ocrx_word' id='word_1_155' title='bbox 1785 2972 1837 3040; x_wconf 82' lang='lat' dir='ltr'><strong>de</strong></span> <span class='ocrx_word' id='word_1_156' title='bbox 1856 2970 2018 3043; x_wconf 83' lang='lat' dir='ltr'><strong>meuble</strong></span> 
     </span>
     <span class='ocr_line' id='line_1_20' title="bbox 647 3081 2018 3195; baseline 0.004 -36"><span class='ocrx_word' id='word_1_157' title='bbox 647 3084 691 3159; x_wconf 78' lang='lat' dir='ltr'><strong>la</strong></span> <span class='ocrx_word' id='word_1_158' title='bbox 697 3086 915 3189; x_wconf 76' lang='lat' dir='ltr'><strong>possession</strong></span> <span class='ocrx_word' id='word_1_159' title='bbox 927 3099 1032 3161; x_wconf 77' lang='lat' dir='ltr'><strong>naut</strong></span> <span class='ocrx_word' id='word_1_160' title='bbox 1042 3086 1150 3179; x_wconf 80' lang='lat' dir='ltr'><strong>titre,</strong></span> <span class='ocrx_word' id='word_1_161' title='bbox 1163 3110 1252 3194; x_wconf 83' lang='lat' dir='ltr'><strong>quae</strong></span> <span class='ocrx_word' id='word_1_162' title='bbox 1267 3081 1389 3163; x_wconf 87' lang='lat' dir='ltr'><strong>verba</strong></span> <span class='ocrx_word' id='word_1_163' title='bbox 1406 3111 1491 3163; x_wconf 92' lang='lat' dir='ltr'><strong>non</strong></span> <span class='ocrx_word' id='word_1_164' title='bbox 1501 3083 1632 3163; x_wconf 92' lang='lat' dir='ltr'><strong>solum</strong></span> <span class='ocrx_word' id='word_1_165' title='bbox 1645 3081 1886 3189; x_wconf 84' lang='lat' dir='ltr'><strong>significant,</strong></span> <span class='ocrx_word' id='word_1_166' title='bbox 1900 3086 2018 3195; x_wconf 90' lang='lat' dir='ltr'><strong>quod</strong></span> 
     </span>
     <span class='ocr_line' id='line_1_21' title="bbox 646 3203 2016 3315; baseline 0.001 -32"><span class='ocrx_word' id='word_1_167' title='bbox 646 3206 863 3313; x_wconf 88' lang='lat' dir='ltr'><strong>possessori</strong></span> <span class='ocrx_word' id='word_1_168' title='bbox 890 3232 953 3285; x_wconf 90' lang='lat' dir='ltr'><strong>res</strong></span> <span class='ocrx_word' id='word_1_169' title='bbox 972 3204 1135 3285; x_wconf 90' lang='lat' dir='ltr'><strong>mobilis</strong></span> <span class='ocrx_word' id='word_1_170' title='bbox 1162 3222 1442 3307; x_wconf 84' lang='lat' dir='ltr'><strong>conservetur,</strong></span> <span class='ocrx_word' id='word_1_171' title='bbox 1467 3205 1597 3287; x_wconf 91' lang='lat' dir='ltr'><strong>donec</strong></span> <span class='ocrx_word' id='word_1_172' title='bbox 1619 3207 1711 3315; x_wconf 90' lang='lat' dir='ltr'><strong>quis</strong></span> <span class='ocrx_word' id='word_1_173' title='bbox 1731 3203 1897 3314; x_wconf 89' lang='lat' dir='ltr'><strong>probet,</strong></span> <span class='ocrx_word' id='word_1_174' title='bbox 1909 3234 1954 3285; x_wconf 88' lang='lat' dir='ltr'><strong>se</strong></span> <span class='ocrx_word' id='word_1_175' title='bbox 1973 3209 2016 3285; x_wconf 90' lang='lat' dir='ltr'><strong>in</strong></span> 
     </span>
     <span class='ocr_line' id='line_1_22' title="bbox 647 3326 2011 3441; baseline 0.001 -37"><span class='ocrx_word' id='word_1_176' title='bbox 647 3352 691 3405; x_wconf 90' lang='lat' dir='ltr'><strong>re</strong></span> <span class='ocrx_word' id='word_1_177' title='bbox 712 3327 804 3436; x_wconf 88' lang='lat' dir='ltr'><strong>plus</strong></span> <span class='ocrx_word' id='word_1_178' title='bbox 825 3327 926 3437; x_wconf 87' lang='lat' dir='ltr'><strong>juris</strong></span> <span class='ocrx_word' id='word_1_179' title='bbox 947 3328 1095 3409; x_wconf 88' lang='lat' dir='ltr'><strong>habere</strong></span> <span class='ocrx_word' id='word_1_180' title='bbox 1123 3331 1242 3435; x_wconf 86' lang='lat' dir='ltr'><strong>(nam</strong></span> <span class='ocrx_word' id='word_1_181' title='bbox 1270 3346 1310 3408; x_wconf 91' lang='lat' dir='ltr'><strong>et</strong></span> <span class='ocrx_word' id='word_1_182' title='bbox 1333 3328 1411 3407; x_wconf 96' lang='lat' dir='ltr'><strong>hoc</strong></span> <span class='ocrx_word' id='word_1_183' title='bbox 1440 3355 1608 3441; x_wconf 88' lang='lat' dir='ltr'><strong>quoque</strong></span> <span class='ocrx_word' id='word_1_184' title='bbox 1636 3326 1795 3406; x_wconf 86' lang='lat' dir='ltr'><strong>obtinet</strong></span> <span class='ocrx_word' id='word_1_185' title='bbox 1820 3330 1865 3407; x_wconf 91' lang='lat' dir='ltr'><strong>in</strong></span> <span class='ocrx_word' id='word_1_186' title='bbox 1890 3328 2011 3406; x_wconf 89' lang='lat' dir='ltr'><strong>rebus</strong></span> 
     </span>
     <span class='ocr_line' id='line_1_23' title="bbox 648 3445 2009 3560; baseline -0.003 -33"><span class='ocrx_word' id='word_1_187' title='bbox 648 3448 948 3550; x_wconf 85' lang='lat' dir='ltr'><strong>immobilibus,</strong></span> <span class='ocrx_word' id='word_1_188' title='bbox 969 3453 1002 3531; x_wconf 91' lang='lat' dir='ltr'><strong>si</strong></span> <span class='ocrx_word' id='word_1_189' title='bbox 1023 3450 1161 3530; x_wconf 84' lang='lat' dir='ltr'><strong>saltem</strong></span> <span class='ocrx_word' id='word_1_190' title='bbox 1185 3478 1260 3559; x_wconf 91' lang='lat' dir='ltr'><strong>per</strong></span> <span class='ocrx_word' id='word_1_191' title='bbox 1284 3477 1436 3529; x_wconf 91' lang='lat' dir='ltr'><strong>annum</strong></span> <span class='ocrx_word' id='word_1_192' title='bbox 1457 3448 1723 3560; x_wconf 89' lang='lat' dir='ltr'><strong>possederit),</strong></span> <span class='ocrx_word' id='word_1_193' title='bbox 1737 3445 1809 3527; x_wconf 90' lang='lat' dir='ltr'><strong>sed</strong></span> <span class='ocrx_word' id='word_1_194' title='bbox 1832 3462 1872 3529; x_wconf 91' lang='lat' dir='ltr'><strong>et</strong></span> <span class='ocrx_word' id='word_1_195' title='bbox 1891 3448 2009 3527; x_wconf 90' lang='lat' dir='ltr'><strong>etiam</strong></span> 
     </span>
     <span class='ocr_line' id='line_1_24' title="bbox 647 3567 2002 3682; baseline -0.003 -36"><span class='ocrx_word' id='word_1_196' title='bbox 647 3567 758 3682; x_wconf 90' lang='lat' dir='ltr'><strong>quod</strong></span> <span class='ocrx_word' id='word_1_197' title='bbox 785 3572 839 3651; x_wconf 84' lang='lat' dir='ltr'><strong>ita</strong></span> <span class='ocrx_word' id='word_1_198' title='bbox 867 3599 931 3651; x_wconf 90' lang='lat' dir='ltr'><strong>res</strong></span> <span class='ocrx_word' id='word_1_199' title='bbox 950 3572 1111 3652; x_wconf 91' lang='lat' dir='ltr'><strong>mobilis</strong></span> <span class='ocrx_word' id='word_1_200' title='bbox 1130 3574 1206 3680; x_wconf 91' lang='lat' dir='ltr'><strong>ipsi</strong></span> <span class='ocrx_word' id='word_1_201' title='bbox 1233 3588 1512 3668; x_wconf 89' lang='lat' dir='ltr'><strong>conservetur,</strong></span> <span class='ocrx_word' id='word_1_202' title='bbox 1530 3599 1582 3650; x_wconf 91' lang='lat' dir='ltr'><strong>ne</strong></span> <span class='ocrx_word' id='word_1_203' title='bbox 1601 3573 1710 3679; x_wconf 86' lang='lat' dir='ltr'><strong>quis,</strong></span> <span class='ocrx_word' id='word_1_204' title='bbox 1728 3587 1871 3677; x_wconf 83' lang='lat' dir='ltr'><strong>praeter</strong></span> <span class='ocrx_word' id='word_1_205' title='bbox 1892 3594 2002 3647; x_wconf 89' lang='lat' dir='ltr'><strong>casus</strong></span> 
     </span>
     <span class='ocr_line' id='line_1_25' title="bbox 645 3682 2102 3801; baseline -0.008 -31"><span class='ocrx_word' id='word_1_206' title='bbox 645 3696 671 3791; x_wconf 84' lang='lat'>§</span> <span class='ocrx_word' id='word_1_207' title='bbox 692 3708 763 3771; x_wconf 84' lang='lat' dir='ltr'><strong>art</strong></span> <span class='ocrx_word' id='word_1_208' title='bbox 784 3718 888 3801; x_wconf 82' lang='lat'><strong>2279</strong></span> <span class='ocrx_word' id='word_1_209' title='bbox 908 3709 949 3789; x_wconf 72' lang='lat' dir='ltr'><strong>‚et</strong></span> <span class='ocrx_word' id='word_1_210' title='bbox 968 3712 1040 3771; x_wconf 83' lang='lat' dir='ltr'><strong>art</strong></span> <span class='ocrx_word' id='word_1_211' title='bbox 1063 3694 1168 3776; x_wconf 80' lang='grc'>2280</span> <span class='ocrx_word' id='word_1_212' title='bbox 1188 3692 1288 3773; x_wconf 85' lang='lat' dir='ltr'><strong>cod.</strong></span> <span class='ocrx_word' id='word_1_213' title='bbox 1311 3693 1397 3773; x_wconf 87' lang='lat' dir='ltr'><strong>civ.</strong></span> <span class='ocrx_word' id='word_1_214' title='bbox 1421 3712 1631 3801; x_wconf 72' lang='lat' dir='ltr'><strong>exceptos,</strong></span> <span class='ocrx_word' id='word_1_215' title='bbox 1649 3692 1775 3800; x_wconf 90' lang='lat' dir='ltr'><strong>possit</strong></span> <span class='ocrx_word' id='word_1_216' title='bbox 1793 3714 1856 3764; x_wconf 90' lang='lat' dir='ltr'><strong>eas</strong></span> <span class='ocrx_word' id='word_1_217' title='bbox 1876 3682 2002 3762; x_wconf 87' lang='lat' dir='ltr'><strong>vindi·</strong></span> <span class='ocrx_word' id='word_1_218' title='bbox 2097 3738 2102 3747; x_wconf 80' lang='lat'><strong>·</strong></span> 
     </span>
     <span class='ocr_line' id='line_1_26' title="bbox 644 3806 2000 3925; baseline -0.003 -32"><span class='ocrx_word' id='word_1_219' title='bbox 644 3841 754 3917; x_wconf 88' lang='lat' dir='ltr'><strong>care,</strong></span> <span class='ocrx_word' id='word_1_220' title='bbox 776 3812 889 3925; x_wconf 92' lang='lat' dir='ltr'><strong>quod</strong></span> <span class='ocrx_word' id='word_1_221' title='bbox 909 3832 949 3891; x_wconf 89' lang='lat' dir='ltr'><strong>et</strong></span> <span class='ocrx_word' id='word_1_222' title='bbox 970 3814 1105 3892; x_wconf 85' lang='lat' dir='ltr'><strong>favore</strong></span> <span class='ocrx_word' id='word_1_223' title='bbox 1127 3814 1357 3894; x_wconf 89' lang='lat' dir='ltr'><strong>commercii</strong></span> <span class='ocrx_word' id='word_1_224' title='bbox 1380 3814 1518 3921; x_wconf 69' lang='lat' dir='ltr'><strong>rapide</strong></span> <span class='ocrx_word' id='word_1_225' title='bbox 1537 3814 1694 3892; x_wconf 87' lang='lat' dir='ltr'><strong>illarum</strong></span> <span class='ocrx_word' id='word_1_226' title='bbox 1714 3832 1853 3883; x_wconf 84' lang='lat' dir='ltr'><strong>rerum</strong></span> <span class='ocrx_word' id='word_1_227' title='bbox 1876 3806 2000 3884; x_wconf 82' lang='lat' dir='ltr'><strong>circu·</strong></span> 
     </span>
     <span class='ocr_line' id='line_1_27' title="bbox 643 3926 1998 4041; baseline -0.01 -24"><span class='ocrx_word' id='word_1_228' title='bbox 643 3938 791 4019; x_wconf 82' lang='lat' dir='ltr'><strong>latione</strong></span> <span class='ocrx_word' id='word_1_229' title='bbox 805 3936 1004 4017; x_wconf 84' lang='lat' dir='ltr'><strong>fundatur.</strong></span> <span class='ocrx_word' id='word_1_230' title='bbox 1018 3937 1105 4015; x_wconf 83' lang='lat' dir='ltr'><strong>Jam</strong></span> <span class='ocrx_word' id='word_1_231' title='bbox 1114 3964 1212 4016; x_wconf 89' lang='lat' dir='ltr'><strong>vero</strong></span> <span class='ocrx_word' id='word_1_232' title='bbox 1226 3965 1275 4016; x_wconf 82' lang='lat' dir='ltr'><strong>ex</strong></span> <span class='ocrx_word' id='word_1_233' title='bbox 1289 3936 1326 4017; x_wconf 91' lang='lat' dir='ltr'><strong>d.</strong></span> <span class='ocrx_word' id='word_1_234' title='bbox 1336 3948 1361 4041; x_wconf 85' lang='lat'>§</span> <span class='ocrx_word' id='word_1_235' title='bbox 1373 3953 1443 4015; x_wconf 89' lang='lat' dir='ltr'><strong>art.</strong></span> <span class='ocrx_word' id='word_1_236' title='bbox 1458 3958 1561 4041; x_wconf 90' lang='grc'>2279</span> <span class='ocrx_word' id='word_1_237' title='bbox 1570 3950 1610 4012; x_wconf 91' lang='lat' dir='ltr'><strong>et</strong></span> <span class='ocrx_word' id='word_1_238' title='bbox 1617 3946 1688 4009; x_wconf 82' lang='lat' dir='ltr'><strong>art.</strong></span> <span class='ocrx_word' id='word_1_239' title='bbox 1700 3926 1806 4008; x_wconf 83' lang='grc'>2280</span> <span class='ocrx_word' id='word_1_240' title='bbox 1821 3943 1998 4027; x_wconf 86' lang='lat' dir='ltr'><strong>constat,</strong></span> 
     </span>
     <span class='ocr_line' id='line_1_28' title="bbox 642 4047 1997 4171; baseline -0.012 -30"><span class='ocrx_word' id='word_1_241' title='bbox 642 4064 820 4141; x_wconf 86' lang='lat' dir='ltr'><strong>actiones</strong></span> <span class='ocrx_word' id='word_1_242' title='bbox 830 4059 1088 4169; x_wconf 88' lang='lat' dir='ltr'><strong>possessorias</strong></span> <span class='ocrx_word' id='word_1_243' title='bbox 1097 4087 1149 4139; x_wconf 91' lang='lat' dir='ltr'><strong>ne</strong></span> <span class='ocrx_word' id='word_1_244' title='bbox 1159 4059 1325 4171; x_wconf 91' lang='lat' dir='ltr'><strong>quidem</strong></span> <span class='ocrx_word' id='word_1_245' title='bbox 1334 4084 1427 4138; x_wconf 87' lang='lat' dir='ltr'><strong>casu</strong></span> <span class='ocrx_word' id='word_1_246' title='bbox 1436 4055 1532 4135; x_wconf 79' lang='lat' dir='ltr'><strong>furti</strong></span> <span class='ocrx_word' id='word_1_247' title='bbox 1540 4054 1607 4133; x_wconf 81' lang='lat' dir='ltr'><strong>vel</strong></span> <span class='ocrx_word' id='word_1_248' title='bbox 1616 4052 1779 4159; x_wconf 74' lang='lat' dir='ltr'><strong>jacturae</strong></span> <span class='ocrx_word' id='word_1_249' title='bbox 1792 4047 1858 4153; x_wconf 90' lang='lat' dir='ltr'><strong>(de</strong></span> <span class='ocrx_word' id='word_1_250' title='bbox 1871 4048 1997 4156; x_wconf 88' lang='lat' dir='ltr'><strong>perte)</strong></span> 
     </span>
    </p>
   </div>
   <div class='ocr_carea' id='block_1_5' title="bbox 687 4268 1114 4361">
    <p class='ocr_par' dir='ltr' id='par_1_5' title="bbox 687 4268 1114 4361">
     <span class='ocr_line' id='line_1_29' title="bbox 687 4268 1114 4361; baseline -0.007 -24"><span class='ocrx_word' id='word_1_251' title='bbox 687 4271 735 4359; x_wconf 89' lang='grc' dir='ltr'><strong>(ι)</strong></span> <span class='ocrx_word' id='word_1_252' title='bbox 758 4276 820 4338; x_wconf 76' lang='lat' dir='ltr'><strong>An.</strong></span> <span class='ocrx_word' id='word_1_253' title='bbox 847 4268 1114 4361; x_wconf 74' lang='lat' dir='ltr'><strong>1807.pag.105.</strong></span> 
     </span>
    </p>
   </div>
   <div class='ocr_carea' id='block_1_6' title="bbox 640 4433 2036 4639">
    <p class='ocr_par' dir='ltr' id='par_1_6' title="bbox 640 4433 2036 4639">
     <span class='ocr_line' id='line_1_30' title="bbox 687 4433 2036 4536; baseline -0.014 -22"><span class='ocrx_word' id='word_1_254' title='bbox 687 4442 734 4533; x_wconf 80' lang='lat'><strong>(2)</strong></span> <span class='ocrx_word' id='word_1_255' title='bbox 749 4448 788 4512; x_wconf 85' lang='lat' dir='ltr'><strong>V.</strong></span> <span class='ocrx_word' id='word_1_256' title='bbox 805 4443 1109 4536; x_wconf 83' lang='lat' dir='ltr'><strong>Iurisprudencedu</strong></span> <span class='ocrx_word' id='word_1_257' title='bbox 1119 4444 1200 4513; x_wconf 86' lang='lat' dir='ltr'><strong>Cod.</strong></span> <span class='ocrx_word' id='word_1_258' title='bbox 1215 4445 1283 4513; x_wconf 79' lang='lat' dir='ltr'><strong>civ.</strong></span> <span class='ocrx_word' id='word_1_259' title='bbox 1296 4444 1389 4509; x_wconf 86' lang='lat' dir='ltr'><strong>Tom.</strong></span> <span class='ocrx_word' id='word_1_260' title='bbox 1408 4440 1485 4521; x_wconf 84' lang='lat' dir='ltr'><strong>XV,</strong></span> <span class='ocrx_word' id='word_1_261' title='bbox 1500 4464 1574 4533; x_wconf 79' lang='lat' dir='ltr'><strong>pag.</strong></span> <span class='ocrx_word' id='word_1_262' title='bbox 1592 4440 1655 4509; x_wconf 82' lang='lat'><strong>362</strong></span> <span class='ocrx_word' id='word_1_263' title='bbox 1671 4438 1705 4507; x_wconf 80' lang='lat' dir='ltr'><strong>e&#39;t</strong></span> <span class='ocrx_word' id='word_1_264' title='bbox 1717 4439 1834 4519; x_wconf 78' lang='lat' dir='ltr'><strong>Smer,</strong></span> <span class='ocrx_word' id='word_1_265' title='bbox 1846 4438 1938 4503; x_wconf 84' lang='lat' dir='ltr'><strong>Torn.</strong></span> <span class='ocrx_word' id='word_1_266' title='bbox 1951 4433 1994 4508; x_wconf 84' lang='lat' dir='ltr'><strong>X,</strong></span> <span class='ocrx_word' id='word_1_267' title='bbox 2032 4450 2036 4455; x_wconf 80' lang='grc'><strong>’</strong></span> 
     </span>
     <span class='ocr_line' id='line_1_31' title="bbox 640 4550 808 4639; baseline 0.006 -25"><span class='ocrx_word' id='word_1_268' title='bbox 640 4570 711 4639; x_wconf 81' lang='lat' dir='ltr'><strong>pag.</strong></span> <span class='ocrx_word' id='word_1_269' title='bbox 737 4550 808 4618; x_wconf 81' lang='lat'><strong>323.</strong></span> 
     </span>
    </p>
   </div>
   <div class='ocr_carea' id='block_1_7' title="bbox 0 0 2264 5867">
    <p class='ocr_par' dir='ltr' id='par_1_7' title="bbox 0 0 2264 5867">
     <span class='ocr_line' id='line_1_32' title="bbox 0 0 2264 5867; baseline 0 4"><span class='ocrx_word' id='word_1_270' title='bbox 0 0 2264 5867; x_wconf 95' lang='lat' dir='ltr'><strong> </strong></span> 
     </span>
    </p>
   </div>
  </div>
 </body>
</html>
