4517 5867
626 664 872 737 insonnem
897 666 961 735 sn
983 666 1153 753 Qunsr.
1178 664 1321 779 sunm.
1610 666 1650 738 81

763 982 953 1066 SECTIO
975 980 1181 1063 TERTIA.

293 1256 434 1333 Utrum
444 1252 571 1358 possit
584 1250 673 1355 quis
691 1248 770 1327 sibi
783 1248 864 1354 inse
886 1262 1045 1322 mutare
1071 1245 1233 1325 titulum
1257 1264 1296 1325 et
1311 1245 1552 1354 qualitatem
1574 1276 1655 1329 suco

827 1388 1110 1498 possessionis?

336 1702 441 1782 Illud
461 1729 484 1781 e
501 1699 705 1781 veteribus
730 1712 975 1805 preceptum
997 1712 1078 1802 est,
1100 1696 1290 1778 dicebant
1310 1698 1502 1799 Romani,
1522 1708 1662 1784 nemi·

284 1852 377 1905 nem
396 1822 473 1903 sibi
488 1824 622 1932 ipsum
642 1846 802 1900 causam
815 1845 888 1897 seu
900 1819 1066 1898 titulum
1083 1821 1345 1926 possessionis
1361 1839 1516 1901 mutare
1534 1850 1651 1929 posse

283 1947 325 2025 L.
347 1946 395 2047 3,
415 1950 440 2043 §
468 1942 575 2052 19ss.
600 1942 650 2023 de
671 1969 754 2053 ecq.
782 1938 855 2019 vel'
872 1939 1078 2019 emittend.
1098 1966 1203 2047 poss.
1222 1968 1232 2035 ;
1261 1940 1304 2019 id
1326 1942 1439 2051 quod
1467 1960 1508 2021 et
1528 1944 1651 2022 hodie

284 2066 415 2147 adhuc
428 2068 538 2169 viget
551 2091 600 2143 ex
616 2080 686 2140 art.
706 2062 812 2155 9940
830 2060 928 2139 Cod.
945 2062 1053 2159 Ciu,
1070 2061 1144 2138 ubi
1163 2059 1313 2139 dieitur
1334 2090 1344 2139 :
1368 2094 1389 2136 α
1410 2089 1465 2141 on
1482 2089 1535 2141 ne
1555 2080 1654 2170 peut

282 2218 302 2261 s
329 2213 400 2291 pas
417 2185 613 2289 preserire
628 2197 766 2260 contre
786 2205 862 2257 son
880 2180 974 2257 titre
990 2206 1041 2257 en
1055 2206 1100 2259 ee
1114 2206 1222 2281 sens,
1236 2170 1316 2288 que
1330 2181 1411 2259 l’on
1424 2209 1477 2261 ne
1490 2200 1591 2290 peut
1608 2210 1651 2261 se

149 2316 153 2323 '
280 2336 300 2377 s
328 2299 661 2411 pointchengerir
675 2302 887 2380 soi-meme
900 2299 938 2376 le
948 2322 1062 2378 cause
1076 2317 1116 2376 et
1125 2300 1164 2377 le
1177 2300 1359 2407 principe
1374 2301 1650 2407 desaposses-
1703 2402 1707 2405 ᾖ

173 2474 184 2483 -
281 2456 300 2497 s
328 2426 441 2518 sion,
457 2456 477 2493 s
492 2421 568 2498 hoo
583 2436 661 2497 est:
678 2419 777 2498 dum
790 2421 882 2527 quis
896 2420 954 2497 rei
972 2418 1181 2527 eujusdam
1198 2421 1493 2527 possessionem
1508 2421 1650 2523 habet,

281 2544 394 2623 nulli
417 2544 663 2623 extrinsecus
688 2540 901 2622 accedente
924 2542 1042 2621 causi
1063 2558 1237 2621 statuere
1258 2569 1396 2622 secum
1421 2545 1584 2651 nequit,
1604 2560 1652 2621 ut

281 2665 360 2745 elio
377 2692 427 2745 ex
443 2663 562 2743 titulo
582 2662 804 2769 possideat,
822 2690 945 2771 quem
964 2688 1015 2743 ex
1033 2690 1117 2773 quo
1137 2663 1331 2743 hactenus
1348 2661 1538 2770 possedit
1558 2664 1650 2763 Qua

281 2788 438 2864 ratione
461 2787 513 2882 ii,
538 2785 611 2893 qui
644 2785 765 2861 etiam
798 2810 848 2861 ex
879 2784 1057 2865 secundo
1090 2785 1253 2863 decreto
1282 2786 1326 2862 in
1355 2785 1650 2880 possessionem

279 2904 485 2987 bonorum
496 2905 674 2982 absentis
686 2908 922 2993 mittuntur,
937 2918 1161 3003 numquam
1177 2910 1319 2972 contra
1334 2892 1540 2975 absentem
1555 2924 1650 3005 prae·

278 3020 455 3103 seribere
477 3030 646 3127 possunt
666 3031 737 3093 art.
764 3011 837 3094 132
862 3012 962 3093 Cod.
987 3014 1089 3109 civ,
1109 3040 1203 3092 cum
1221 3015 1331 3093 enim
1350 3032 1507 3096 tantum
1528 3019 1647 3099 titulo

277 3141 534 3251 proprietatis
546 3135 784 3218 revocabilis
799 3134 1004 3243 possidere
1016 3136 1285 3244 incoeperint,
1294 3165 1455 3219 neeesse
1469 3158 1587 3239 esset,
1600 3158 1649 3221 ut

277 3280 444 3373 possent
457 3288 595 3341 seeum
613 3276 803 3358 statuere,
816 3256 1023 3365 possidere
1042 3248 1308 3365 inposterum
1323 3262 1442 3342 titulo
1460 3264 1645 3369 proprie·

278 3387 369 3464 tatis
396 3381 693 3479 irrevocabilis,
721 3394 864 3485 utpote
889 3405 1010 3457 nemo
1035 3381 1292 3488 prescribere
1318 3399 1452 3488 potest
1477 3384 1555 3460 nisi
1580 3381 1645 3483 id,

278 3505 392 3614 quod
417 3508 552 3583 animo
572 3503 728 3582 domini
747 3499 945 3607 possidet,
965 3518 1006 3579 et
1028 3501 1105 3581 hoc
1129 3530 1250 3582 sensu
1277 3502 1561 3605 intelligendus
1584 3517 1646 3579 est
1704 3577 1709 3583 ,

277 3640 350 3703 ert.
371 3650 476 3730 9999
495 3622 594 3703 Cod.
611 3624 715 3723 Cin,
734 3621 897 3732 quando
919 3618 1035 3722 dicit,
1055 3622 1106 3700 ad
1128 3624 1469 3729 praescriptionem
1489 3620 1643 3731 requiri

277 3746 570 3850 possessionem
588 3745 724 3822 animo
746 3742 903 3821 domini
919 3772 938 3815 s
957 3740 980 3819 ὲ
999 3743 1093 3820 titre
1112 3740 1163 3820 de
1181 3739 1464 3848 proprie'tnire,
1484 3771 1503 3816 s
1521 3741 1564 3820 id
1583 3758 1643 3823 est

278 3868 411 3945 animo
434 3866 591 3946 domini
612 3865 720 3944 illius
737 3864 859 3969 juris,
877 3860 990 3971 quod
1017 3861 1275 3968 praescribere
1292 3888 1524 3971 possumus,
1549 3864 1643 3945 alies

279 3989 386 4071 enim
406 4004 580 4069 mutaret
597 3986 675 4069 sibi
696 3984 861 4065 titulum
883 4008 966 4063 suae
985 3984 1259 4091 possessionis.

331 4229 462 4309 Nemo
486 4230 621 4335 itaque
639 4242 772 4335 potest
790 4226 957 4304 titulum
978 4254 1058 4307 suae
1077 4233 1339 4335 possessionis
1356 4250 1529 4329 mutere,
1546 4255 1635 4330 seu,

282 4348 392 4456 quod
413 4348 522 4430 idem
542 4366 622 4452 est,
644 4375 764 4427 nemo
787 4364 919 4453 potest
939 4351 1198 4456 praescribere
1217 4371 1357 4435 contre
1373 4352 1538 4431 titulum
1554 4378 1637 4434 suee

542 4492 604 4559 111.
738 4528 740 4533 v
913 4514 918 4520 ·
1424 4516 1462 4561 ιι
