4517 5867
531 702 534 707 ,
626 682 633 690 ,
677 618 1012 691 nrssnnrarro
1035 615 1243 695 Manlau
1618 650 1638 721 7
1752 672 1760 687 s

274 800 573 898 commoratum
592 796 923 921 animadvertitur
936 798 1095 905 ardore,
1107 799 1369 914 impatientia,
1378 802 1641 889 aemulatione.

275 926 522 1026 Temeritas,
549 922 731 1029 audacia,
760 923 984 1033 arrogmtia
1014 922 1101 1034 ejus
1127 925 1286 1009 sodales
1309 943 1425 1033 sunt,
1449 950 1530 1009 neo
1554 948 1642 1010 non

270 1048 472 1159 superbia,
489 1044 713 1127 insolentia.
871 1052 874 1057 '
946 1060 952 1077 '

287 1232 291 1237 ¹
323 1260 457 1341 Metus
483 1254 584 1339 dum
607 1254 659 1337 ad
695 1278 902 1339 summum
928 1254 1185 1364 pervehitur,
1208 1270 1408 1337 terrorem
1445 1261 1648 1356 concitat3.

268 1381 467 1487 suspicio,
485 1378 811 1486 circumspectio,
836 1379 1107 1459 consternatio
1138 1378 1256 1461 utine
1281 1376 1460 1461 affectus
1493 1377 1642 1487 gradus

269 1520 373 1582 sunt.

320 1697 481 1774 Bonum
500 1711 542 1773 et
567 1690 720 1775 malum
747 1716 839 1799 quae
867 1684 1068 1767 elementa
1094 1686 1312 1769 affectuum
1338 1689 1464 1769 aniani
1495 1693 1657 1771 consti-¹

267 1832 389 1895 tuunt
406 1814 572 1895 relativa
598 1829 712 1915 sunt,
734 1826 775 1889 et
799 1808 902 1889 nihil
938 1810 1038 1889 certi
1061 1810 1294 1908 continent3
1310 1810 1426 1922 qnod
1442 1838 1551 1895 mus
1568 1840 1645 1923 pro

268 1934 379 2015 malo
412 1932 562 2035 habet',
591 1932 692 2011 alter
720 1928 879 2015 bonum
910 1928 1085 2036 judicat,
1112 1947 1154 2011 et
1184 1932 1274 2013 vice
1299 1958 1424 2015 versa.
1448 1934 1574 2037 Quod
1601 1936 1646 2017 in

268 2082 400 2137 unum
435 2070 592 2135 metum
624 2050 774 2159 injicit,
806 2051 849 2129 in
886 2048 1013 2131 altero
1039 2048 1245 2133 audaciam
1276 2069 1317 2134 et
1351 2053 1454 2135 iram
1480 2082 1647 2163 promo.

271 2176 393 2257 vobit.
415 2174 542 2278 Quod
569 2174 629 2253 illi
661 2171 810 2280 placet,
833 2168 933 2251 huic
959 2171 1159 2255 aversioni
1196 2174 1285 2253 erit
1306 2174 1450 2278 Oritur
1482 2175 1561 2259 hoc
1590 2205 1643 2257 ex
1777 2273 1779 2276 ¹

271 2324 322 2377 eo
346 2295 460 2407 quod
487 2296 652 2395 relatio,
686 2321 776 2405 quae
803 2292 962 2405 objecta
992 2311 1033 2375 et
1059 2322 1136 2375 nos
1167 2294 1274 2375 inter
1302 2296 1459 2400 existit,
1489 2323 1575 2376 non
1601 2298 1646 2377 in
1686 2332 1689 2344 ·

272 2418 337 2498 his
358 2418 590 2526 reperitur,
613 2414 686 2496 sed
707 2417 751 2495 in
777 2414 899 2495 nobis
919 2414 1054 2521 adest,
1074 2415 1226 2497 scilicet
1253 2418 1298 2497 in
1314 2419 1448 2498 anima
1470 2446 1561 2528 quae
1581 2417 1647 2527 ju·

226 2568 229 2575 ·
277 2539 430 2621 dicium
455 2538 534 2620 lert
553 2537 606 2619 de
628 2554 774 2619 natm
791 2560 946 2618 corum.

328 2745 591 2835 Conveniunt
627 2743 734 2837 inter
769 2747 1011 2831 scoticanae
1048 2748 1248 2822 cointio
1284 2776 1338 2822 eo
1367 2747 1482 2849 quod
1506 2746 1650 2831 ammae

273 2866 609 2976 tanquillitatem
643 2879 684 2943 et
713 2860 1032 2945 ὶιιάίίΐετοιιιίαω
1059 2857 1235 2963 tollunt,
1264 2860 1382 2970 quood
1414 2888 1465 2946 ex
1502 2867 1650 2947 eodem

274 2986 388 3067 some
414 2987 623 3083 orianum,
649 3010 701 3069 en
719 2980 862 3063 dolore
887 2982 1176 3091 uvoluptato,
1191 2999 1233 3063 ot
1249 2983 1364 3094 quod
1388 3010 1538 3099 corpus
1555 2990 1647 3098 plus

275 3106 461 3188 maisve
473 3103 726 3205 concutiunt,
738 3100 907 3213 ejusque
916 3102 1214 3192 imbecillitates
1221 3107 1449 3213 germinare
1460 3109 1647 3220 memet,

273 3228 307 3308 si
331 3225 530 3309 excedant
556 3223 738 3308 modum

325 3433 530 3517 Differunt
556 3432 711 3543 quoad.
730 3418 937 3543 naturam,
958 3436 1160 3547 originem
1183 3455 1224 3521 et
1241 3435 1409 3523 effectus
1429 3461 1574 3519 eorum
1603 3440 1649 3560 in

277 3581 427 3665 corpus
447 3552 683 3638 humanum.
1134 3604 1138 3610 ·

201 3789 203 3815 =
329 3746 424 3845 (A).
449 3747 597 3850 Quoad
626 3763 821 3828 naturam.
877 3866 880 3873 .
919 3704 922 3711 ·

334 3972 377 4034 1⁰
395 3952 594 4039 Moderati
608 3977 704 4042 sunt
721 3977 762 4041 et
769 3956 1038 4040 vehementes.
1056 3948 1256 4039 Moderati
1274 3944 1471 4043 dicuntur
1484 3950 1650 4075 qnando
1715 4032 1722 4054 ‚

276 4073 410 4153 anima
435 4078 578 4154 leviter
599 4070 804 4179 movetur,
825 4080 905 4157 illis
928 4078 1153 4185 imperium·
1169 4076 1303 4161 adhuc
1322 4079 1537 4187 habemus,
1559 4111 1649 4165 eos·
1763 4153 1767 4162 .

278 4213 387 4304 qne,
418 4210 523 4273 nutu
547 4222 592 4275 ac
611 4196 778 4279 arbitrio
797 4198 1007 4302 suscitare,
1035 4216 1103 4279 aut
1129 4198 1337 4285 dimovere
1362 4205 1552 4287 valemus.
1575 4208 1650 4287 Ve·
1695 4269 1702 4284 .

279 4316 499 4415 hamanus,
519 4314 618 4396 dum
635 4344 719 4399 nos.
739 4318 971 4425 gubernant
989 4308 1473 4431 concamaranda
1487 4326 1646 4427 obedit,

281 4436 330 4520 iis
354 4437 657 4521 succumbimus
684 4457 728 4522 et
754 4440 890 4524 mabae'
907 4442 1142 4527 assunto
1156 4450 1397 4531 'oeconomia
1424 4450 1599 4530 animali.
1642 4492 1656 4513 ··
