4517 5867
997 1099 1221 1214 CAPUT
1254 1090 1632 1204 SEPI'IMUM.

642 2031 758 2138 Quo
784 2027 1139 2116 annuamus
1157 2025 1379 2130 Qunam
1405 2019 1621 2124 mussi,
1646 2017 2003 2108 snunmumu

999 2165 1123 2250 assu
1148 2160 1322 2248 uuum
1347 2159 1640 2244 enoxnun.

1235 2643 1455 2784 gunt.

650 3081 821 3217 Taunus
851 3135 1057 3244 prioribus
1082 3139 1229 3220 caussis
1253 3165 1328 3220 eur
1355 3143 1499 3222 misera
1525 3153 1710 3220 senectus
1734 3133 1916 3217 videatur
1940 3135 2002 3214 in·

650 3257 798 3361 fluctis,
815 3275 954 3368 quarta
975 3273 1015 3338 et
1034 3258 1174 3339 ultima
1193 3275 1325 3363 restat,
1343 3257 1695 3370 Appropinqnatio
1714 3260 1872 3357 mortis,
1888 3283 2005 3366 «quae

652 3395 759 3462 cente
784 3409 808 3460 a
833 3396 1036 3460 senectute
1060 3407 1145 3461 nun
1170 3396 1303 3489 potest
1328 3381 1450 3488 longe
1476 3380 1622 3462 abesse.
1635 3386 1661 3457 »'
1684 3381 1782 3489 Cap.
1811 3383 1916 3490 19.§
1943 3373 2006 3457 66.

653 3500 779 3602 Quod
792 3517 1005 3610 antequam
1022 3499 1225 3600 illustrare
1233 3527 1441 3602 conemur,
1452 3495 1752 3580 observandum
1771 3527 1856 3580 esse
1875 3497 2009 3578 existi·

653 3647 811 3700 mamus
831 3645 1022 3724 magnum
1043 3647 1128 3700 esse
1152 3620 1366 3702 disesimen
1388 3623 1431 3700 in
1454 3619 1578 3700 modo
1600 3637 1718 3734 atque
1735 3620 1905 3718 ratione,
1928 3643 2009 3727 qua

656 3758 739 3822 tres
756 3742 975 3822 anteriores
994 3755 1128 3848 partes
1148 3757 1189 3822 et
1207 3757 1453 3852 postiemum
1478 3741 1587 3823 iliam
1607 3742 1833 3842 tractaverit
1851 3741 2009 3818 Noster.

654 3861 761 3943 Nam
783 3861 826 3940 in
848 3859 927 3940 iilis
949 3887 1033 3942 non
1053 3861 1186 3944 solum
1208 3865 1414 3974 exposuit,
1435 3890 1502 3946 eas
1519 3890 1676 3950 caussas
1696 3887 1782 3946 uon
1806 3857 2012 3938 infelicem

657 3979 827 4061 reddere
850 3999 1112 4088 senectutem,
1135 3983 1353 4068 sedetiam
1375 3983 1576 4095 probavit,
1599 3982 1792 4094 inprimi
1816 3978 2011 4060 nimirum

659 4101 827 4184 senilem
841 4117 997 4206 atatem
1009 4132 1061 4186 ne
1074 4106 1589 4218 avocarequidemarebus
1600 4103 1808 4213 gemndis,
1821 4098 2013 4201 inulteti,

658 4223 772 4335 quod
793 4225 827 4306 si
853 4249 999 4334 corpus
1015 4225 1139 4308 iaciat
1158 4226 1373 4334 infirmius,
1397 4231 1519 4310 etiam
1541 4254 1635 4310 suas
1653 4227 1804 4308 habere
1827 4220 1933 4305 vines
1950 4247 2012 4301 se·

658 4361 879 4448 nectutem,
905 4343 1028 4428 modu
1056 4348 1266 4456 juventute
1294 4367 1336 4432 et
1361 4349 1468 4432 virili
1500 4366 1611 4431 aetate
1641 4348 1946 4441 corroboretur3
1969 4341 2013 4420 in

658 4469 775 4552 tertii
788 4468 990 4578 exposuit,
1005 4459 1175 4578 aptatis
1188 4459 1354 4581 quidem
1366 4463 1643 4582 voluptatibus
1656 4457 1875 4554 abhorrere
1889 4464 2015 4566 senes,
