4517 5867
609 491 666 623 ἰο
955 541 1427 618 esmamrnasanar
1446 543 1627 621 uocem

619 749 731 824 inter
741 765 783 820 se
801 735 998 820 meatibus
1016 735 1377 816 intercellularibus
1395 736 1541 816 eodem
1558 735 1681 819 modo
1700 765 1746 821 ec
1764 741 1872 824 inter
1895 745 1978 826 oel-

619 863 720 970 lulas
736 857 1053 969 perench'ymatis
1076 855 1263 934 medullae
1287 856 1491 965 dispositis
1513 858 1783 965 instruuntur,
1807 863 1880 975 qui
1899 893 1980 947 ma.

620 980 831 1090 gnitudine
846 976 1066 1060 admodum
1079 974 1284 1057 differunt
1303 977 1469 1058 Cellulae
1483 978 1676 1086 elongate
1688 1008 1781 1064 vasa
1793 983 1978 1093 lympha·

619 1108 697 1186 tica
715 1103 954 1184 constituere
971 1098 1185 1202 videntur,
1201 1099 1271 1179 sed
1293 1099 1477 1191 nondum
1494 1117 1656 1182 constat

640 1291 646 1308 '
672 1285 834 1373 Cellulae
853 1287 1045 1395 elongatae
1063 1283 1312 1393 circumdant
1329 1313 1420 1366 vasa
1438 1287 1602 1396 propria
1622 1305 1663 1368 et
1683 1312 1775 1368 rasa
1794 1267 1976 1398 spiraha,
2034 1343 2037 1348 -

620 1419 662 1494 e't
671 1413 756 1493 haec
769 1412 851 1492 duo
864 1410 952 1490 loca
966 1435 1123 1518 semper
1143 1423 1341 1516 occupant
1356 1408 1439 1487 sive
1454 1411 1497 1487 in
1510 1410 1657 1522 plantis
1672 1410 1878 1491 herbaceis
1892 1415 1978 1520 siie

621 1533 794 1638 lignosis.
812 1529 975 1612 Cellulae
992 1529 1085 1609 libri
1107 1526 1416 1608 formant-libras
1430 1523 1650 1631 corticales,
1664 1549 1705 1609 et
1720 1532 1890 1610 circulus
1906 1535 1978 1611 ha·

621 1681 713 1734 rum
734 1651 924 1733 fibrarum
941 1669 1093 1761 partem
1111 1651 1223 1756 ligno
1243 1650 1479 1730 viciniorem
1500 1634 1766 1751 constituens,
1783 1651 1886 1730 liber
1906 1676 1978 1730 au-

623 1775 692 1855 dit.
721 1777 768 1853 In
793 1775 926 1855 medio
958 1773 1235 1854 fasciculorum
1261 1772 1406 1851 harum
1433 1771 1666 1852 cellularum
1691 1799 1783 1852 vasa
1813 1773 1978 1879 propria

621 1896 846 2004 plantarum
867 1897 1079 1975 lactearum
1100 1912 1142 1974 et
1163 1896 1435 1974 resinosarum
1460 1893 1691 1975 formanmr.
1719 1893 1812 1972 sola
1835 1891 1978 1972 dilata-

621 2016 731 2097 tione
748 2033 955 2098 meatuum
969 2013 1326 2114 intercellularium
1344 2011 1514 2119 produci
1532 2013 1729 2092 videntur.

678 2199 839 2280 Cellulae
853 2199 950 2304 ligni
966 2155 1084 2278 etlam
1097 2197 1207 2276 fibrae
1220 2197 1386 2300 lignosae
1404 2195 1589 2286 audiunt3
1603 2197 1842 2277 observatur·
1852 2215 1974 2278 meta-

597 2317 846 2424 morphosis
878 2318 1095 2396 successiva
1126 2315 1403 2395 fasciculorum
1437 2317 1682 2396 cellularum
1702 2319 1975 2424 elongatarum

619 2465 712 2520 vasa
730 2437 889 2548 spiralia
907 2437 1239 2522 circumdantium
1258 2439 1302 2518 in
1318 2465 1468 2546 corpus
1482 2438 1693 2544 lignosum.
1842 2493 1847 2501 -
1875 2450 1885 2468 ·

522 2564 527 2573 ὁ
671 2624 793 2706 Liber
823 2627 947 2734 igitur
972 2641 1127 2706 tuntum
1154 2621 1261 2704 hisce
1288 2618 1440 2704 cellulis
1472 2624 1664 2732 elongatis
1694 2627 1738 2704 in
1769 2623 1975 2707 fasciculos

619 2747 905 2854 agglomeratos
918 2745 1134 2869 dispositis,
1147 2763 1187 2828 et
1199 2744 1319 2827 radiis
1329 2745 1622 2851 medullaribus
1639 2748 1861 2826 intertextis
1874 2774 1974 2824 con-

620 2860 797 2942 struitur.
816 2867 976 2962 Cotpus
991 2867 1196 2958 lignosum
1206 2870 1361 2961 putrer
1375 2867 1479 2933 naun
1502 2879 1569 2934 est·
1583 2870 1660 2936 nt‘si
1682 2865 1974 2964 coagmentatio

623 2979 903 3063 fasciculorum
920 2974 1152 3054 cellularum
1170 2975 1442 3080 elongatamm
1460 2975 1580 3058 radiis
1600 2979 1888 3064 medullaribus
1908 2987 1973 3064 in·

621 3117 877 3184 tertextarum
897 3113 937 3177 et
954 3096 1055 3177 vasis
1073 3095 1556 3213 spiralibus-repletarum.

672 3285 835 3366 Cellulae
852 3284 1043 3391 elongatae
1060 3280 1243 3366 earndem
1256 3269 1312 3368 'ac
1334 3243 1486 3367 cellulae
1505 3228 1822 3397 patenclrymatis
1842 3213 1969 3373 struc-

620 3423 753 3490 turam
766 3405 984 3533 tabente,
1000 3430 1165 3515 quoque
1184 3407 1294 3521 poris
1313 3407 1422 3490 orbae
1441 3426 1546 3490 sunt
1965 3457 1968 3464 ·

668 3589 788 3672 Radii
818 3590 1074 3694 medullam,
1100 3592 1182 3673 sola
1212 3621 1358 3701 organa
1385 3595 1638 3681 elemenurie
1663 3595 1813 3705 quibus
1837 3597 1970 3704 planta

621 3703 762 3794 crescit
782 3714 825 3791 in
849 3737 1009 3791 sensum
1032 3711 1320 3813 diametralem‚
1345 3732 1440 3815 sunt
1463 3715 1588 3794 fasciae
1606 3715 1832 3817 verticum,
1853 3721 1968 3798 varie

620 3831 838 3917 latitudinis
856 3851 896 3914 et
913 3831 1139 3938 densitatis,
1160 3860 1250 3944 quae
1269 3829 1510 3943 percurrunt
1530 3853 1717 3916 truncum
1733 3837 1922 3916 arborum
1941 3867 1965 3918 a

621 3960 765 4036 cortice
781 3956 831 4036 ad
849 3953 1083 4056 medullam„
1100 3971 1142 4035 et
1156 3983 1245 4065 quae
1263 3958 1321 4038 sic
1333 3957 1513 4054 formant
1530 3959 1574 4036 in
1592 3958 1765 4037 sectione
1777 3949 1976 4035 horizon-⁸

622 4072 693 4152 tali
711 4074 834 4155 lineas
855 4077 947 4186 plus
967 4077 1150 4157 minusve
1171 4077 1283 4179 latas,
1309 4106 1399 4187 quae
1420 4090 1659 4184 percurrunt
1680 4075 1968 4155 diametraliter

622 4219 774 4300 corpus·
783 4195 983 4301 lignosum
1000 4215 1046 4279 ct
1058 4201 1268 4302 corticem,
1283 4222 1440 4306 semper
1455 4222 1601 4308 corpus
1616 4199 1817 4303 lignosum
1841 4199 1964 4278 comi-

623 4329 778 4416 untur,
794 4331 835 4397 et
850 4317 923 4398 ubi
939 4319 1113 4428 lignum,
1131 4319 1190 4400 ibi
1207 4319 1309 4402 radii
1325 4319 1562 4402 medullares
1580 4318 1733 4401 adsunt.
