4517 5867
638 620 686 695 30
1025 618 1180 689 FRANC.
1200 618 1290 687 tao
1312 617 1599 687 scuottstut

639 780 799 883 faoiunt.
827 800 931 883 Sunt
951 816 1083 879 umen
1108 801 1369 907 interpretes,
1394 799 1466 907 qui
1492 796 1648 905 putant,
1666 798 1838 879 infantes
1856 803 1900 881 iu
1925 802 2008 885 do·
2099 884 2102 890 ,

637 924 871 1019 nationibus
896 922 1041 1003 tutoris
1063 922 1299 1002 auctoritate
1326 946 1412 1001 non
1437 918 1640 1023 indigere,
1669 922 1764 1029 quia
1789 920 1938 1004 dicitur
1964 928 2013 1005 in

635 1050 679 1127 L.
698 1047 724 1129 3
747 1048 792 1127 C.
814 1046 851 1126 h.
866 1064 914 1125 t:
938 1044 1179 1125 donatarum
1196 1072 1333 1124 rerum
1355 1043 1653 1155 aquicurnque
1671 1044 1848 1151 persona
1868 1047 2015 1127 infanti

636 1199 763 1251 vacua
792 1166 988 1278 possessio
1021 1166 1168 1249 tradita
1192 1194 1363 1277 corpore
1391 1154 1594 1277 quaeritur.
1616 1168 1703 1246 Nos
1729 1183 1887 1264 autem,
1917 1197 2013 1249 cum

633 1312 776 1375 natura
798 1293 1061 1400 possessionis
1086 1292 1220 1372 obstet
1244 1291 1466 1401 quominus
1487 1292 1576 1370 sine
1601 1291 1738 1369 animo
1759 1294 2010 1401 acquiratur,

635 1442 809 1525 cumque
836 1416 1005 1521 insuper
1032 1413 1144 1519 leges
1165 1412 1429 1493 conformiter
1453 1414 1542 1493 aliis
1563 1412 1724 1520 legibus
1751 1416 2007 1522 interpretari

635 1535 832 1635 debeant,
860 1550 1049 1641 putamus
1078 1562 1174 1613 cum
1201 1536 1376 1614 Porrnun
1394 1553 1435 1615 et
1451 1538 1627 1633 Vonrro,
1646 1535 1776 1642 legem
1805 1534 1912 1615 illam
1936 1564 2003 1615 ac-

635 1656 865 1765 cipiendam
888 1681 973 1735 esse
1000 1654 1051 1734 de
1076 1656 1361 1765 acquisitione,
1389 1686 1481 1768 quae
1506 1656 1552 1737 fit
1580 1686 1655 1766 per
1682 1657 1896 1761 infantem,
1918 1687 2008 1738 auc·
2096 1681 2102 1693 ‘
2216 1647 2217 1654 ἵ

633 1796 722 1858 tore
734 1795 892 1874 tutore3
916 1804 1027 1875 nam,
1045 1793 1093 1858 ut
1109 1780 1167 1857 ait
1179 1781 1365 1878 Voetius,
1384 1784 1568 1891 quamvis
1586 1781 1739 1862 nullam
1759 1781 2010 1861 auctoritatis

632 1903 792 1980 tutoriae
809 1901 1058 1981 mentionem
1078 1898 1236 2001 habeat,
1256 1920 1408 2006 nmen,
1426 1932 1520 1985 cum
1537 1904 1598 1987 ibi
1615 1907 1838 2015 Imperator
1853 1906 2008 1985 Decius

632 2038 793 2116 asserat,
805 2048 890 2096 esse
899 2022 1070 2126 quidem
1079 2024 1126 2095 ed
1136 2022 1188 2095 de
1198 2050 1245 2094 re
1255 2023 1536 2100 dissentientes
1546 2042 1760 2102 auctorum
1770 2026 2007 2123 sententias,

631 2140 702 2223 sed
721 2140 945 2223 consultius
962 2137 1112 2238 rideri,
1134 2139 1322 2242 interim,
1340 2140 1435 2222 licet
1455 2142 1577 2221 animi
1598 2140 1745 2250 plenus
1762 2170 1848 2223 non
1866 2142 2010 2225 fuisset

632 2264 817 2365 effectus,
844 2264 1141 2372 possessionem
1166 2290 1242 2372 per
1265 2262 1524 2355 traditionem
1546 2290 1633 2344 esse
1659 2265 1894 2375 qrraesitam',
1921 2292 2009 2346 res·

631 2388 786 2495 pexisse
806 2388 975 2467 omnino
995 2386 1158 2465 videtur
1175 2385 1226 2464 ad
1245 2414 1313 2487 ea,
1327 2412 1420 2493 quae
1439 2414 1462 2463 a
1482 2386 1605 2463 Paulo
1627 2387 1740 2465 tcto.
1765 2387 1818 2465 de
1835 2388 1911 2466 hac
1933 2414 2009 2468 ve·

629 2526 763 2589 terum
786 2508 968 2587 dissensu
990 2523 1031 2585 et
1050 2506 1144 2615 jure
1162 2506 1354 2609 singulari
1379 2507 1483 2583 circa
1510 2502 1707 2582 infantem
1735 2525 1900 2612 recepto
1919 2527 2006 2587 tra·

629 2629 783 2711 duntur
804 2630 849 2708 in
871 2630 912 2707 L.
941 2631 1021 2731 1,§
1043 2626 1138 2729 3,L.
1159 2623 1466 2730 32,§2ff.h.t.

680 2855 777 2935 Haec
798 2850 850 2932 de
877 2847 1119 2949 infantibus,
1142 2848 1216 2958 qui
1231 2847 1497 2931 anemonen
1522 2849 1690 2931 tenendi
1719 2790 1807 2933 non
1833 2852 2005 2960 habent,

627 3004 772 3061 verum
787 2991 922 3055 autem
936 2972 969 3051 si
986 2968 1071 3080 ejus
1090 2967 1216 3050 modo
1227 2972 1309 3050 sint
1326 2974 1471 3076 atatis,
1488 2990 1535 3052 ut
1547 2974 1797 3057 intellectum
1809 2976 2002 3082 habeant,

627 3117 796 3211 possunt
813 3098 1107 3206 possessionem
1124 3120 1197 3203 per
1212 3113 1339 3175 semet
1355 3097 1466 3204 ipsos
1486 3100 1697 3209 acquirere
1716 3101 1762 3177 L.
1791 3125 1827 3196 1,
1844 3098 1906 3200 §3
1920 3101 2004 3203 cit,

628 3240 668 3304 et
690 3221 740 3301 de
761 3220 841 3300 hoc
860 3223 980 3299 etiam
997 3246 1090 3299 casu
1108 3216 1391 3326 accipiendum
1413 3236 1474 3298 est
1492 3218 1536 3301 id
1559 3218 1675 3329 quod
1691 3219 1841 3300 dicitur
1862 3221 1907 3299 in
1924 3219 2003 3304 fine

626 3352 715 3451 §2,
735 3348 779 3426 L.
794 3342 859 3447 32,
878 3344 976 3453 quia
999 3345 1125 3443 ratio,
1146 3341 1203 3420 ob
1224 3368 1348 3452 quam
1364 3357 1545 3422 tutorem
1568 3344 1817 3423 intervenire
1840 3371 2001 3425 necesse

627 3490 730 3573 erat,
750 3488 849 3549 tunc
869 3482 1009 3568 cessat,
1028 3491 1122 3544 cum
1140 3464 1232 3543 talis
1250 3465 1381 3545 infans
1400 3466 1581 3547 detinere
1602 3468 1731 3575 possit
1750 3494 1846 3545 cum
1863 3470 1998 3548 animo

626 3592 703 3673 sibi
726 3587 925 3686 habendi,
950 3590 1017 3668 cui
1037 3605 1078 3668 et
1104 3587 1184 3669 hoc
1206 3575 1380 3689 accedit,
1399 3589 1512 3701 quod
1539 3589 1718 3697 pupillus
1738 3591 1883 3697 possit,
1904 3590 1994 3666 abrs

626 3737 706 3827 que
716 3712 829 3825 quod
843 3736 1003 3819 necesse
1012 3712 1065 3791 sit
1077 3711 1155 3819 ipsi
1169 3714 1315 3793 tutoris
1333 3708 1568 3813 auctoritas,
1590 3710 1869 3813 conditionem
1878 3732 1992 3787 suam

626 3837 798 3916 reddere
812 3835 1044 3933 meliorem;
1066 3852 1200 3943 potest
1216 3838 1326 3917 enim
1345 3838 1433 3917 sine
1455 3838 1600 3916 tutoris
1616 3834 1852 3917 auctoritate
1863 3830 1993 3915 dona*

624 3958 756 4035 tiones
768 3961 964 4067 accipere,
984 3974 1027 4038 et
1045 3986 1119 4067 per
1137 3960 1394 4040 traditionem
1411 3960 1487 4067 ipsi
1505 3958 1649 4041 factam
1664 3985 1751 4040 non
1763 3952 1899 4035 solum
1914 3951 1993 4033 sibi

626 4082 831 4192 acquirere
851 4084 1148 4191 possessionem
1165 4083 1238 4166 sed
1258 4101 1298 4165 et
1315 4082 1615 4191 proprietatem
