4517 5867
773 605 783 623 ,
852 556 1054 631 ORATIO.
1614 582 1635 656 7

271 728 517 841 disciplinis,
535 758 626 844 quta
643 730 952 817 fundamentum
970 750 1158 817 sternunt
1176 734 1400 819 mndidoni
1420 738 1588 850 reliquae
1608 757 1651 823 et

271 856 334 933 sui
360 854 590 962 neglectum
609 881 865 965 peromnem
883 859 1009 939 vitam
1030 883 1169 939 severa
1189 856 1346 938 ultione
1367 857 1590 943 vindicant.

223 1060 226 1065 '
324 1039 530 1152 Equidem
558 1045 592 1123 si
624 1042 929 1157 disciplinarum
959 1046 1146 1126 omnium
1177 1042 1269 1124 finis
1308 1043 1380 1147 sit,
1416 1060 1465 1123 ut
1503 1042 1647 1144 debet,

272 1162 437 1281 publica
457 1166 702 1275 prosperitas
719 1184 760 1245 et
776 1168 930 1275 privata
951 1164 1182 1264 beatitudo,
1200 1164 1235 1245 si
1253 1190 1337 1275 quo
1356 1162 1407 1244 ad
1425 1181 1646 1276 utrumque

272 1279 384 1365 hunc
407 1284 528 1367 finem
552 1290 717 1369 scientia
740 1288 885 1397 melius
906 1288 1116 1397 perducit,
1139 1315 1188 1368 eo
1207 1286 1350 1394 majori
1369 1286 1504 1366 studio
1525 1286 1649 1393 digna

271 1410 350 1507 sit,
371 1436 668 1517 quamcumque
685 1408 937 1517 disciplinam
955 1409 1179 1489 naturalem
1199 1434 1359 1490 summo
1377 1404 1534 1488 fervore
1555 1434 1648 1515 per-

273 1526 485 1609 colendum
504 1554 613 1635 esse,
638 1530 776 1639 paucis
799 1532 984 1613 evincere
1005 1529 1196 1611 conabor.

328 1716 437 1795 Dum
465 1714 648 1826 reliquiae
677 1718 936 1799 scientiarum
961 1744 984 1799 e
1006 1720 1085 1828 piis
1108 1714 1401 1799 cenobitarum
1428 1712 1650 1797 secessibus

272 1837 319 1955 in
341 1836 553 1944 publicum
577 1838 841 1947 prodierunt,
863 1840 999 1949 plnres
1018 1842 1204 1921 scientias
1230 1841 1285 1920 ita
1314 1839 1496 1919 ditarunt
1524 1862 1651 1947 opera

274 1961 537 2067 antiquomm
551 1960 861 2066 absolutissima,
881 1979 928 2043 nt
947 1988 1215 2073 quaecumque
1229 1962 1272 2041 in
1291 1958 1537 2041 illis'exinde
1554 1982 1650 2068 pro·

274 2078 355 2158 lata
373 2081 456 2159 sint
477 2084 688 2161 autetiam
710 2084 834 2163 hodie
851 2101 1109 2191 praestentur,
1130 2082 1182 2162 ad
1202 2082 1494 2191 perfectionem
1511 2104 1648 2159 oense·

276 2216 397 2279 antur
418 2228 470 2279 eo
495 2204 665 2309 propius
687 2204 902 2303 accedere,
924 2231 1008 2313 quo
1033 2204 1118 2284 haec
1142 2204 1368 2283 imitatione
1390 2202 1536 2283 melius
1553 2224 1652 2277 con·
1780 2228 1785 2237 ·

277 2336 542 2429 sequuntur3
574 2320 876 2429 disciplinarum
909 2339 1045 2401 antem
1076 2323 1323 2401 naturalium
1360 2349 1448 2399 sors
1482 2318 1652 2398 infausta

277 2437 373 2535 fuit,
398 2464 482 2518 non
501 2438 626 2553 modo
649 2440 745 2549 quia
768 2428 820 2520 ab
843 2444 916 2521 ista
941 2438 1261 2522 haereditate-vix
1286 2438 1440 2551 aliquid
1460 2440 1523 2517 his
1540 2440 1653 2538 venit

277 2557 398 2643 solidi
425 2575 467 2639 et
493 2560 698 2667 praeclari,
722 2560 794 2642 sed
816 2564 991 2641 maxime
1011 2562 1206 2673 quoniam
1229 2563 1372 2641 harum
1393 2557 1654 2658 scientiarum

279 2706 516 2791 progressus
548 2708 692 2789 magna
720 2678 812 2782 diu,
839 2682 1095 2791 multumque
1127 2680 1382 2761 retardarunt
1411 2679 1650 2760 obstacula:

178 2792 184 2801 ’
279 2800 430 2883 scilicet
447 2802 641 2882 continuo
659 2800 974 2883 dominabantur
990 2803 1034 2881 in
1052 2800 1198 2883 scholis
1216 2802 1421 2911 sophistae,
1439 2800 1653 2881 dialecticae

281 2921 487 3024 acumina,
509 2918 622 3001 lusus
647 2922 964 3027 imaginationis,
988 2924 1133 3003 deliria
1156 2922 1374 3029 phantasiae
1402 2919 1655 3027 occupabant

282 3044 466 3147 ingenius
482 3039 718 3119 inutilitates
734 3040 931 3146 ejusmodi
949 3039 1267 3146 praelerebautur
1286 3037 1498 3119 laboriosis
1521 3041 1656 3138 obser·

283 3166 493 3243 rationum
513 3158 806 3257 exactionibus,
824 3160 1187 3267 phaenomenorum
1199 3157 1495 3261 collationibus,
1513 3162 1652 3274 explo-

285 3282 513 3365 rationibns
530 3282 738 3363 diutinum.
1481 3344 1486 3355 .
1646 3314 1650 3319 ·

340 3464 522 3561 Tandem
542 3464 687 3546 melior
708 3462 796 3544 illas
815 3462 974 3545 fortuna
992 3467 1190 3573 respexit,
1211 3460 1284 3543 ubi
1305 3479 1396 3574 post
1413 3466 1555 3549 saecula
1574 3488 1654 3553 ste·

284 3586 415 3668 riliter
452 3594 582 3697 elapsa
618 3584 819 3687 innotuit,
852 3612 1003 3665 vanum
1036 3603 1077 3664 et
1112 3587 1234 3664 inane
1262 3606 1347 3664 esse
1377 3585 1581 3698 quidquid
1605 3576 1654 3672 eir

286 3708 513 3791 istiusmodi
534 3702 753 3815 figmentis,
777 3700 987 3811 argutiolis
1006 3720 1046 3787 et
1064 3704 1388 3789 cavillationibus
1403 3708 1600 3789 hauritur.

291 3918 296 3923 ·
346 3884 557 3965 Uhi'ranae
582 3880 730 3961 mentis
757 3878 947 3991 physicus
972 3864 1148 3989 quiaque
1168 3880 1215 3959 in
1236 3904 1455 3986 corporum
1482 3881 1654 3963 minimo

291 4006 455 4111 agnovit
478 4002 626 4083 infiniti
656 3999 788 4110 quid,
818 4000 984 4103 agnovit
1019 4024 1122 4106 opus
1158 3999 1306 4079 infiniti
1340 4001 1550 4108 numinis,
1579 4003 1654 4083 ubi

292 4128 489 4236 innotuit,
513 4152 566 4204 ne
593 4122 943 4231 penetrantissimo
972 4120 1139 4230 quidem
1168 4118 1227 4201 fas
1247 4150 1334 4203 esse
1357 4124 1521 4226 ingenio
1543 4123 1655 4201 evol·

293 4273 390 4328 rere
412 4272 460 4323 ex
477 4240 727 4349 'cogitatione
746 4266 819 4323 aua
839 4240 1008 4322 modum
1031 4266 1116 4350 quo
1136 4243 1472 4351 corpusculorum
1489 4243 1658 4323 minima

295 4382 446 4447 coeunt
457 4362 507 4444 ad
518 4364 838 4471 componendam
846 4364 1003 4445 minimi
1013 4364 1177 4445 seminis
1187 4363 1396 4471 fabricam,
1407 4382 1477 4447 aut
1488 4364 1660 4446 modurn
