4517 5867
689 631 737 706 to
1031 629 1179 702 PETRI
1196 627 1295 708 ¹JOS.
1321 627 1416 702 VIN
1440 629 1541 700 DER
1565 631 1667 703 TON
1791 689 1793 692 .

682 837 826 896 secum
842 823 1028 918 reputans
1045 809 1233 918 praeclara
1246 807 1357 912 fucta,
1373 807 1522 918 quibus
1538 826 1580 888 et
1601 808 1739 890 amicis
1751 824 1794 888 et
1809 807 2039 918 reipublice

687 935 857 1018 maxime
874 933 1014 1013 utilem
1030 959 1073 1012 se
1090 933 1335 1039 praestiterit,
1361 957 1486 1040 eaque
1509 957 1602 1010 cum
1624 929 1865 1011 facinoribus
1892 959 1915 1011 a
1932 943 2039 1040 ‘prae-

682 1055 885 1140 stantibus.
898 1055 995 1136 viris
1014 1055 1268 1162 superiorum
1285 1069 1445 1134 aetatum
1462 1054 1582 1158 gestis
1597 1058 1830 1157 computans
1841 1053 1912 1156 (1),
1932 1056 1975 1130 in
1993 1053 2040 1131 il.

682 1177 816 1258 lorum
828 1176 1020 1258 memorii
1034 1177 1182 1282 poterit
1194 1174 1468 1286 adquiescere:
1483 1171 1597 1282 quod
1612 1161 1948 1252 oblectamentum
1960 1171 2037 1250 sibi

680 1300 726 1377 in
753 1299 935 1378 futurum
952 1315 1111 1405 tempus
1129 1300 1250 1378 etiam
1271 1298 1372 1379 Cato
1400 1313 1605 1406 praeparat
1628 1296 1758 1396 «Quae
1775 1319 1944 1372 munera
1972 1291 2036 1398 (de

597 1411 602 1423 ’
681 1418 832 1526 quibus
857 1419 1016 1498 locutus
1038 1419 1112 1524 est)
1133 1419 1168 1498 si
1195 1420 1358 1526 exsequi
1379 1419 1607 1528 nequirem,
1627 1434 1762 1496 tamen
1783 1440 1849 1494 me
1873 1412 2038 1494 lectulus

683 1538 899 1620 oblectaret
925 1566 1040 1620 meus
1059 1542 1154 1645 (2),
1183 1541 1268 1650 ipsa
1295 1539 1553 1644 cogitantem,
1582 1565 1673 1649 quae
1700 1537 1785 1644 jam
1813 1561 1928 1642 agere
1955 1561 2037 1615 non

681 1685 907 1767 possum,»
939 1663 1042 1740 Nam
1078 1661 1209 1758 bene,
1237 1675 1285 1739 ut
1309 1659 1571 1768 probavimus
1599 1685 1720 1768 supra
1750 1659 1884 1758 stit,
1915 1655 2036 1737 dixit:

681 1779 966 1862 «Conscientia
999 1783 1104 1862 bene
1128 1798 1225 1862 actae
1251 1783 1365 1884 vitae,
1389 1781 1691 1892 multorumque
1719 1777 2038 1862 benefactorum

682 1887 907 1986 recordatio
932 1901 1220 2014 jucundissima
1249 1919 1352 1987 est.»
1482 1897 1485 1904 ’

1206 2123 1240 2276 g
1274 2139 1512 2240 xrunu.

733 2409 786 2487 Et
803 2408 995 2488 hactenus
1016 2406 1184 2515 quidem
1208 2407 1529 2486 enumeravimus
1550 2407 1709 2512 singula
1731 2406 1861 2486 officia
1882 2433 2041 2507 senum,

680 2529 754 2636 qui
773 2555 859 2606 nou
878 2527 1003 2605 modo
1025 2525 1139 2632 quod
1163 2550 1248 2604 non
1274 2542 1463 2631 possunt,
1487 2525 1558 2604 sed
1579 2553 1631 2604 ne
1650 2543 1848 2633 quantum
1873 2527 2042 2635 quidem

679 2645 865 2752 possunt,
885 2671 1002 2750 agere
1024 2671 1108 2722 nou
1128 2661 1338 2750 coguntur.
1360 2647 1454 2746 Quo
1478 2661 1613 2723 autem
1634 2645 1712 2724 ho'c
1735 2663 1854 2752 caput
1879 2650 2044 2751 penitus

680 2763 925 2863 absolvetur,
943 2763 1160 2842 dicendum
1181 2792 1291 2840 nuuc
1309 2766 1385 2840 erit
1406 2765 1457 2840 de
1478 2765 1677 2866 languidis
1694 2765 1773 2841 illis
1795 2763 2041 2875 abjectisque

682 2882 868 2982 senibus,
894 2884 968 2990 qui
989 2881 1040 2968 ab
1067 2881 1179 2959 omni
1201 2907 1332 2990 eoque
1353 2880 1418 2958 vel
1441 2883 1609 2959 minimo
1637 2908 1805 2960 munere
1832 2883 2040 2990 implendo

679 3029 847 3114 prorsus
872 3017 967 3080 sunt
993 2999 1122 3078 alieni.
1150 3000 1232 3100 Qui
1259 3025 1374 3078 senes
1399 3001 1433 3079 si
1459 2999 1665 3080 interdum
1690 3004 1931 3110 exstiterint,
1960 3005 2039 3088 hoc

680 3153 776 3206 saue
809 3151 894 3203 uon
925 3121 1209 3228 imputandum
1243 3122 1320 3200 erit
1351 3125 1567 3230 senectuti,
1597 3121 1668 3202 sed
1697 3125 1902 3231 ipsorum,
1935 3129 2039 3209 sicut

678 3249 762 3357 Jam
775 3273 828 3324 ex
856 3243 1173 3351 praecedentibus
1200 3259 1384 3344 constat,
1411 3241 1635 3350 depravatis
1656 3245 1861 3356 ¹moribus:
1887 3247 2037 3356 quibus

681 3398 775 3452 cum
804 3359 977 3446 nimium
1005 3391 1164 3470 semper
1194 3364 1454 3466 indulserint,
1485 3362 1598 3444 adeow
1615 3382 1710 3444 sunt
1740 3364 1958 3465 debilitati,
1989 3386 2037 3448 ut

681 3519 765 3575 non
787 3487 910 3570 modo
931 3513 1015 3567 non
1036 3485 1124 3565 aliis
1141 3482 1211 3564 sed
1233 3512 1285 3564 ns
1306 3486 1385 3564 sibi
1407 3483 1573 3595 quidem
1596 3487 1694 3593 ipsis
1713 3487 1919 3568 consulere
1940 3515 2034 3596 pos·

680 3613 770 3693 sint.
801 3643 822 3684 u
837 3609 974 3712 Quos,
1002 3607 1058 3688 ait
1089 3606 1270 3686 Caecilius
1307 3609 1492 3699 comicos,
1523 3607 1662 3688 stultns
1681 3635 1812 3704 senes,
1846 3608 1920 3689 hos
1951 3615 2035 3718 sig·

679 3733 815 3816 nificat
835 3727 1043 3832 credulos,
1071 3728 1290 3808 obliviosos
1311 3727 1558 3808 dissolutos:
1589 3756 1678 3839 quae
1698 3731 1796 3810 vitia
1820 3748 1916 3810 suut
1945 3759 2035 3814 non

727 3987 773 4076 (1)
796 3984 931 4052 cmo
947 3981 986 4049 in
1001 3980 1139 4049 oratore
1159 3978 1240 4070 cap.
1265 3963 1320 4047 34.
1341 3982 1448 4074 ucis:
1470 3981 1587 4071 «Qun
1603 3983 1694 4049 enim
1710 3973 1848 4074 stass
1863 3985 2045 4074 hominu„

680 4088 746 4157 uisi
760 4089 922 4156 memoria
937 4109 1053 4154 rerum
1069 4097 1262 4152 nostrarum
1278 4105 1357 4150 cum
1372 4087 1585 4174 superiorum
1602 4099 1693 4155 aetate
1708 4085 1910 4187 contemtui»
1930 4089 2033 4160 Coris.

681 4196 869 4262 Dmuctt.
878 4189 1106 4277 Clio,sireDe
1118 4190 1259 4258 Historit
1268 4189 1396 4278 Dialog.
1407 4191 1435 4258 1.
1449 4213 1520 4284 cap.
1533 4213 1565 4259 a.
1579 4215 1676 4283 pagg.
1690 4215 1727 4260 11
1736 4207 1768 4259 et
1778 4185 1846 4261 πο(
2079 4195 2083 4208 ’

726 4364 773 4455 (a)
795 4362 953 4448 Smtttct,
972 4361 1168 4429 Cioenonem
1187 4351 1352 4446 imitatus,
1373 4361 1418 4428 ita
1437 4363 1620 4450 alloquitur
1640 4363 1788 4432 amicum
1808 4386 1907 4434 suum
1929 4367 2033 4432 Luci-

674 4471 790 4541 »tium
809 4469 914 4554 «Est,
926 4466 1015 4534 mibi
1029 4467 1143 4554 crede,
1157 4468 1274 4576 uirtuti
1288 4468 1387 4533 etium
1400 4467 1438 4534 iu
1447 4467 1568 4536 lectulo
1582 4471 1684 4549 locus.
1697 4495 1714 4536 u
1732 4471 1836 4560 Epist.
1850 4470 2031 4542 LXXVIII.
