4517 5867
618 678 663 755 56
1014 682 1170 755 Fatue.
1188 678 1277 751 JAC.
1301 676 1590 747 SCHOLLAERT

617 882 840 983 ficiatione,
859 882 892 959 si
919 878 1109 959 dominus
1128 878 1422 982 possessionem
1444 875 1618 974 amittat,
1644 898 1732 951 eam
1749 902 1834 955 non
1853 882 1992 991 aequi·

618 1005 698 1083 riti
718 1002 932 1107 Negative;
953 1012 1086 1106 potest
1109 999 1219 1077 enim
1242 1024 1307 1077 res
1326 1011 1415 1073 tum
1435 1019 1486 1071 ex
1511 1022 1649 1075 rerum
1670 1000 1814 1075 natura
1833 1028 1923 1081 cum
1942 1032 1992 1087 ex

616 1126 753 1230 legum
769 1120 1104 1229 dispositionibus
1125 1146 1211 1200 esse
1231 1142 1460 1227 possessore
1478 1140 1613 1194 vacua.
1639 1119 1755 1219 Quid
1774 1122 1902 1227 igitur
1923 1125 1991 1205 de·
2051 1128 2057 1137 ’

616 1248 854 1355 positarium
876 1243 1005 1324 facere
1028 1270 1190 1324 neeesse
1209 1260 1289 1340 est,
1316 1258 1362 1321 ut
1379 1238 1675 1347 possessionem
1702 1244 1761 1318 rei
1790 1248 1994 1355 acquirat?

616 1370 788 1449 Necesse
812 1384 888 1469 est,
907 1383 954 1448 ut
976 1394 1064 1447 eam
1082 1368 1172 1446 loco
1194 1379 1357 1445 moveat
1377 1364 1421 1443 L,
1439 1362 1481 1465 3,
1500 1365 1525 1461 §
1546 1360 1591 1443 18
1613 1360 1656 1439 ff.
1677 1361 1773 1460 h.t.;
1793 1393 1886 1444 nam
1900 1398 1992 1447 cum

615 1488 693 1570 hoc
724 1494 768 1569 in
797 1518 889 1569 casu
919 1491 1118 1596 possessio
1152 1488 1384 1598 acquiratur
1413 1486 1522 1565 inter
1548 1485 1717 1583 inritos,
1752 1485 1859 1592 leges
1886 1490 1988 1568 nibil

616 1613 830 1719 supplent,
862 1614 916 1689 ita
938 1627 985 1689 ut
1007 1610 1181 1689 naturali
1214 1611 1275 1688 rei
1301 1607 1621 1717 apprehensione
1638 1606 1705 1685 hic
1728 1634 1832 1717 opus
1851 1614 1920 1709 sit,
1943 1629 1989 1690 ut

615 1731 883 1839 depositarius
911 1758 998 1810 rem
1024 1730 1103 1811 sub
1132 1747 1328 1838 potestate
1355 1732 1441 1843 qua·
1455 1727 1658 1811 redactam
1681 1730 1831 1811 babere
1857 1732 1990 1813 ridea-

614 1868 704 1959 tur,
723 1852 817 1936 alias
836 1853 946 1933 enim
965 1854 1072 1965 leges
1090 1855 1323 1939 assisterent
1342 1852 1470 1958 furto,
1489 1853 1604 1970 quod
1622 1852 1708 1936 fieri
1726 1858 1892 1972 nequit:

661 2100 775 2203 Quid
790 2102 893 2209 juris
914 2102 966 2183 de
987 2107 1242 2213 possessione
1257 2109 1333 2209 rei,
1354 2134 1445 2219 quae
1465 2106 1767 2219 sequestratur?
1785 2108 1848 2184 An
1865 2109 1980 2185 amit-

611 2224 712 2299 titur
731 2223 797 2298 ills
815 2228 1016 2327 possessio
1033 2254 1108 2329 per
1126 2232 1510 2332 sequestrationem,
1524 2247 1564 2308 et
1581 2232 1616 2309 si
1635 2233 1842 2309 amittatur
1858 2256 1909 2307 an
1927 2254 2000 2329 ac·x

614 2343 793 2451 quiritur
821 2342 1045 2450 sequestri?
1063 2344 1115 2423 Et
1133 2346 1304 2455 quidem
1324 2346 1657 2451 distinguendum
1681 2371 1759 2447 est,
1786 2370 1925 2432 utrum
1939 2352 1991 2429 sit

611 2464 699 2571 ipsa
718 2490 798 2565 res,
817 2491 908 2573 quae
927 2482 1218 2577 sequestratur,
1237 2496 1288 2545 an
1303 2494 1400 2546 vero
1414 2470 1498 2575 ipsa
1516 2471 1727 2574 possessio.
1749 2472 1882 2548 Priori
1899 2498 1992 2550 casu

612 2602 769 2664 certum
796 2600 856 2665 est
877 2588 1169 2694 possessionem
1191 2614 1277 2665 non
1300 2588 1452 2684 amitti,
1479 2614 1572 2665 cum
1594 2590 1639 2666 in
1666 2592 1989 2697 sequestratione

608 2724 768 2788 tantum
787 2726 942 2815 agatur,
964 2726 1093 2789 utres
1118 2706 1384 2808 custodiatur,
1408 2709 1544 2819 quod,
1571 2727 1717 2818 utpote
1737 2710 1785 2791 fit
1804 2714 1848 2790 in
1871 2740 1988 2793 seeu-

611 2832 773 2909 ritotem
791 2836 953 2924 actoris,
970 2831 1040 2907 fiat
1066 2835 1186 2905 etiam
1200 2854 1361 2909 necesse
1375 2850 1437 2912 est
1456 2860 1551 2915 eum
1561 2835 1734 2913 minimo
1751 2822 1810 2915 rei
1820 2835 1985 2935 damno,

606 2950 687 3059 jam
714 2968 850 3033 autem
877 2952 1071 3031 securitas
1091 2951 1237 3030 actoris
1261 2977 1346 3030 non
1367 2950 1563 3060 postulat,
1597 2968 1646 3029 ut
1669 2953 1713 3030 in
1738 2972 1987 3065 sequestrem

609 3092 785 3155 transeat
813 3077 1040 3183 possessio,
1065 3102 1156 3184 quas
1184 3091 1375 3183 preterea
1403 3102 1475 3154 reo
1499 3075 1579 3153 boe
1605 3091 1789 3184 tempore
1812 3080 1988 3156 maxime

609 3212 672 3277 est
688 3197 824 3300 utilis,
845 3226 938 3277 cum
957 3199 1000 3278 in
1022 3199 1111 3312 pari
1135 3198 1255 3283 causa
1277 3198 1424 3279 melior
1448 3199 1501 3277 sit
1522 3197 1703 3277 conditio
1721 3201 1984 3308 possidentis,

610 3339 856 3431 quapropter
875 3323 1066 3403 dominus
1084 3322 1381 3430 possessionem
1398 3322 1582 3401 amittere
1600 3349 1685 3401 non
1703 3322 1835 3402 debet.
1862 3322 1986 3401 Aliud

608 3460 744 3522 autem
764 3462 845 3545 est,
868 3447 902 3526 si
925 3446 977 3527 sit
993 3446 1079 3555 ipsa
1100 3445 1322 3553 possessio,
1339 3468 1431 3550 quae
1450 3458 1743 3550 sequestratur,
1764 3474 1852 3525 eam
1879 3446 1986 3525 enim

608 3579 706 3639 tunc
728 3568 857 3643 amitti
877 3585 1033 3648 constat
1054 3596 1104 3651 ex
1121 3570 1164 3646 L.
1186 3566 1239 3671 39
1258 3565 1299 3641 ff.
1320 3565 1357 3641 h.
1379 3580 1425 3667 t,
1443 3564 1542 3643 item
1561 3592 1611 3643 ex
1629 3568 1796 3679 L17,§
1816 3593 1832 3642 r
1853 3565 1893 3641 ff.
1913 3565 1985 3643 de-

606 3684 745 3793 positi,
767 3710 816 3763 eo
838 3683 952 3791 quod
974 3686 1051 3764 hoc
1078 3687 1122 3765 in
1140 3714 1236 3767 casu
1265 3688 1414 3793 agitur,
1442 3702 1509 3788 ut,
1529 3685 1712 3793 partibus
1731 3683 1983 3788 litigantibus

498 3826 499 3829 ‘
608 3836 653 3889 ac
673 3805 973 3912 ambigentibus
993 3823 1084 3887 uter
1097 3837 1185 3889 rem
1205 3809 1430 3919 possideat,
1445 3826 1589 3887 neuter
1608 3833 1695 3885 eam
1711 3822 1863 3907 teneat,
1886 3834 1984 3916 qua·

608 3945 776 4037 propter
794 3956 858 4009 res
875 3930 1071 4037 tantisper
1091 3931 1142 4011 ad
1160 3935 1326 4013 tertium
1342 3930 1600 4031 transfertur,
1611 3927 1739 4007 donec
1753 3928 1826 4009 lite
1847 3927 1982 4007 decisi

605 4068 756 4158 pateat,
774 4054 905 4133 utrius
927 4054 979 4133 sit
995 4052 1071 4162 jus.
1087 4056 1194 4134 Hine
1211 4074 1345 4138 tamen
1363 4070 1569 4165 sequester
1589 4078 1674 4131 non
1694 4051 1817 4131 babet
1839 4078 1980 4131 reram

606 4192 647 4257 et
667 4180 832 4285 proprie
859 4176 1007 4257 dictam
1030 4180 1344 4287 possessionem,
1372 4204 1467 4257 cum
1489 4176 1595 4255 desit
1617 4175 1695 4281 ipsi
1721 4176 1878 4253 animus
1900 4173 1980 4252 sibi

605 4296 783 4387 habendi
802 4299 845 4379 id
864 4318 924 4381 est
954 4302 1113 4381 animus
1136 4301 1315 4403 domini,
1337 4329 1481 4381 verum
1503 4325 1600 4377 cave
1620 4296 1717 4377 inde
1736 4296 1977 4393 concludas,

606 4439 854 4528 sequestrem
873 4424 1026 4505 nullam
1046 4418 1196 4504 habere
1214 4426 1533 4534 possessionem
1552 4445 1648 4501 nam
1667 4439 1728 4500 est
1744 4423 1820 4527 ipsi
1839 4419 1977 4498 saltem

606 4542 802 4623 naturalis
811 4552 1158 4658 possessi0,quam
1168 4547 1382 4629 definimus
1392 4545 1669 4630 detentionem
1678 4543 1831 4653 absque
1842 4544 1975 4627 animo
2021 4606 2025 4611 .
2063 4560 2069 4570 ‘
