4517 5867
652 662 900 735 nesrossto
924 666 989 735 an
1005 666 1175 753 Quusr.
1194 668 1339 736 sumn.
1637 692 1679 763 17

311 844 512 953 possideat
553 850 672 957 (quae
710 847 907 927 sententia
947 843 1189 951 praevaluit,
1229 873 1322 925 nam
1358 850 1508 928 Plutus
1544 849 1679 929 statim

239 1068 243 1075 .
312 966 480 1074 adjicit),
497 969 611 1081 quod
643 987 704 1049 est
724 970 886 1064 verius;
914 994 999 1046 non
1023 968 1149 1074 magis
1178 969 1288 1047 enim
1315 968 1457 1064 eadem
1479 972 1676 1079 possessio
1733 973 1735 976 ’

309 1087 417 1195 apud
441 1089 545 1171 duos
565 1118 649 1171 esse
669 1107 821 1199 potest,
849 1116 973 1200 quam
991 1107 1037 1167 ut
1058 1106 1104 1167 tu
1123 1107 1229 1171 stare
1249 1087 1422 1168 ridearis
1439 1093 1483 1169 in
1503 1080 1553 1172 eo
1567 1092 1676 1192 loco,

319 1209 362 1287 in
391 1238 476 1320 quo
503 1227 579 1317 ego
605 1228 686 1312 sto,
711 1212 775 1290 vel
804 1212 848 1290 in
880 1238 962 1321 quo
1000 1209 1146 1311 sedeo,
1174 1210 1350 1289 insidere
1379 1209 1560 1291 videaris.
1584 1246 1604 1286 s
1626 1214 1677 1290 Et

310 1356 453 1409 revera
484 1331 827 1441 quemadmodum
859 1335 893 1411 is
930 1333 1002 1441 qui
1029 1332 1165 1434 sedet,
1207 1334 1265 1411 ita
1297 1359 1385 1412 rem
1414 1349 1603 1439 occupet,
1624 1350 1672 1412 ut

308 1450 408 1527 alius
430 1477 512 1528 non
535 1454 660 1557 possit
683 1450 871 1533 eumdem
891 1452 1026 1532 locum
1047 1455 1298 1555 tenere,.nisi
1315 1456 1405 1561 ipso
1423 1453 1607 1551 absente3
1621 1455 1677 1533 ita

308 1566 396 1667 ille,
429 1572 501 1679 qni
529 1571 724 1679 possidet,
744 1575 798 1651 ita
820 1601 907 1653 rem
925 1590 1063 1677 tenet,
1080 1593 1127 1653 ut
1143 1577 1245 1658 alius
1264 1601 1354 1655 eam
1374 1601 1571 1683 occupare
1592 1604 1676 1657 non

306 1692 433 1795 possit
451 1693 528 1771 nisi
547 1696 637 1801 ipso
656 1695 831 1775 absente.
848 1695 975 1799 Quod
992 1692 1127 1777 tamen
1147 1698 1286 1806 plures
1315 1697 1498 1777 eamdem
1524 1726 1610 1777 rem
1632 1702 1676 1778 in

306 1811 483 1895 solidum
506 1817 712 1925 possidere
736 1822 1015 1927 nonpossint,
1038 1821 1183 1927 accipit
1204 1823 1313 1900 Voss
1334 1819 1386 1899 ad
1405 1820 1444 1898 h.
1463 1835 1491 1897 t.
1511 1846 1571 1897 nr.
1589 1819 1677 1901 5de

305 1942 570 2042 possessione,
584 1968 674 2049 quae
693 1968 863 2049 corpore
875 1958 1049 2039 constat,
1064 1942 1161 2051 quia
1173 1941 1400 2021 rationema
1411 1940 1511 2020 JCto
1530 1940 1676 2045 allega-

304 2070 386 2134 tam
398 2076 511 2163 putat
526 2088 600 2167 pro
617 2061 692 2140 hac
702 2062 952 2161 possessione
966 2061 1226 2143 solummodo
1238 2061 1426 2157 militare,
1447 2060 1578 2138 et-hoc
1592 2058 1677 2137 fun·

305 2174 495 2255 dumento
517 2174 780 2271 asserit,inL.
794 2173 873 2274 3,§
893 2202 933 2281 7,
952 2178 995 2252 L.
1009 2174 1087 2275 6‚§
1106 2176 1198 2276 1,L.
1217 2175 1291 2272 25,
1310 2180 1374 2274 §a
1388 2176 1428 2256 ff.
1442 2177 1481 2255 h.
1501 2193 1527 2256 t
1547 2206 1677 2259 unum

305 2294 541 2374 naturaliter
552 2296 724 2375 alterum
738 2295 912 2373 civiliter
926 2295 1143 2403 possidere.
1153 2298 1226 2374 Ast
1235 2295 1465 2393 infundate3
1479 2301 1678 2405 imprimis

308 2416 435 2515 enim,
453 2414 566 2524 quod
580 2418 683 2495 ratio
705 2443 728 2495 a
749 2417 848 2497 JCto
872 2415 1041 2522 allegata
1060 2444 1145 2497 non
1166 2419 1293 2526 possit
1313 2418 1500 2524 restringi
1522 2417 1573 2497 ad
1590 2445 1678 2526 pos·

313 2539 549 2639 sessionem,
572 2564 663 2648 quae
690 2565 860 2646 corpore
886 2555 1057 2639 constat,
1078 2555 1190 2647 patet
1210 2566 1260 2638 es
1287 2566 1358 2642 eo,
1380 2538 1493 2648 quod
1520 2540 1555 2618 si
1584 2542 1677 2649 quis

312 2654 427 2736 fundi
445 2660 754 2765 possessionem,
776 2687 900 2770 quam
922 2688 996 2741 nos
1015 2660 1174 2739 civilem
1191 2658 1501 2767 appellavimus,
1514 2659 1670 2758 habeat,

307 2777 402 2857 licet
425 2780 459 2857 is
484 2775 658 2857 fundum
681 2782 945 2883 corporaliter
969 2809 1054 2860 non
1079 2797 1273 2885 occupet,
1298 2807 1394 2860 eum
1421 2797 1559 2860 tamen
1586 2809 1676 2860 cor-

305 2900 499 3007 poraliter
513 2926 710 3007 occupare
726 2926 748 2977 a
765 2898 854 3003 lege
872 2897 1058 3002 lingitur;
1076 2896 1188 2976 unde
1210 2894 1304 2973 cum
1324 2894 1434 2974 fictio
1455 2897 1565 2977 idem
1579 2927 1676 3007 ope-

307 3039 421 3101 retur
451 3025 495 3101 in
531 3050 624 3102 casu
653 3016 772 3124 ficto,
803 3018 917 3129 quod
943 3020 1091 3100 veritas
1120 3020 1165 3097 in
1197 3044 1292 3096 casu
1318 3044 1444 3120 vero,
1470 3021 1679 3127 sequitur,

307 3142 441 3251 mand,
465 3146 498 3222 si
522 3143 628 3244 duo,
651 3142 765 3253 quod
793 3141 969 3221 admittit
991 3142 1118 3242 Voet,
1148 3165 1233 3218 non
1263 3140 1418 3247 possint
1443 3140 1679 3222 naturaliter

306 3264 512 3372 possidere
539 3265 584 3341 in
603 3263 800 3359 solidum,
823 3291 908 3341 non
933 3262 1088 3369 possint
1114 3249 1237 3340 etiam
1256 3288 1363 3341 uuus
1387 3261 1558 3355 civiliter
1577 3264 1677 3341 alter

309 3412 406 3465 vero
435 3385 671 3463 naturaliter
701 3382 885 3463 eamdem
915 3410 1003 3463 rem
1035 3381 1286 3493 insolidum
1317 3380 1534 3490 possidere.
1572 3383 1679 3459 Hinc

304 3524 414 3616 patet
423 3509 558 3607 etiam,
570 3509 764 3587 Voetium
777 3506 924 3585 frustra
931 3505 1034 3586 velle
1050 3522 1393 3611 argumentantes
1407 3500 1679 3609 eo,qnodLa·

244 3684 252 3689 -
303 3628 383 3707 beo
398 3628 667 3736 reprehendat
685 3626 882 3707 Sabinum
900 3644 941 3706 et
959 3627 1220 3727 Trebatium,
1229 3652 1322 3705 cum
1335 3650 1420 3702 non
1436 3622 1561 3726 magis
1572 3648 1680 3703 unus

305 3750 477 3829 civiliter
497 3767 539 3830 et
555 3751 654 3830 alter
667 3748 905 3831 naturaliter
922 3745 1109 3842 ,eamdem
1122 3772 1210 3825 rem
1227 3742 1458 3824 insolidum
1469 3743 1677 3849 possidere

308 3873 487 3977 possint,
505 3900 629 3983 quam
650 3872 733 3953 duo
755 3871 999 3951 naturaliter.
1008 3867 1134 3971 Quod
1151 3894 1249 3947 vero
1263 3894 1373 3945 nunc
1392 3866 1536 3945 attinet
1548 3866 1676 3973 leges,
1745 3911 1747 3914 ·

308 3991 352 4068 in
372 3992 521 4101 quibus
540 3995 661 4075 JCtos
680 3993 782 4073 dnos
800 3992 982 4101 ejusdem
1004 3993 1063 4069 rei
1086 4016 1334 4098 possessores
1346 3990 1391 4069 in
1406 3987 1583 4069 solidum
1604 3988 1678 4069 ad·

303 4104 475 4195 mississe
497 4127 613 4218 putat
628 4119 820 4209 Vossius,
843 4113 956 4188 facile
978 4109 1029 4191 ad
1049 4112 1153 4216 ipsas
1170 4112 1449 4219 respondetur.
1473 4110 1675 4218 Imprimis

304 4248 442 4337 putat,
461 4232 581 4309 JCtos
601 4228 704 4310 duos
726 4228 904 4337 ejusdem
925 4232 985 4309 rei
1004 4258 1251 4337 possessores
1264 4234 1308 4313 in
1327 4233 1503 4313 solidum
1523 4226 1672 4308 admis-

307 4351 402 4431 sisse
428 4352 474 4430 in
490 4352 533 4428 L.
550 4350 665 4459 Μ]
683 4350 727 4430 si
745 4349 783 4428 h.
807 4366 859 4452 t,
887 4350 958 4431 sed
985 4350 1063 4431 hoo
1083 4380 1228 4433 verum
1250 4382 1334 4435 non
1355 4370 1433 4446 est3
1455 4376 1552 4427 nam
1572 4352 1674 4433 Pto·

213 4527 215 4531 -
307 4474 376 4591 t'us
398 4475 441 4553 in
461 4472 535 4555 hac
554 4474 641 4591 lege
665 4472 767 4557 nihil
797 4472 907 4558 aliud
934 4472 1055 4581 dicit,
1081 4503 1203 4591 quam
1225 4473 1339 4588 quod
1364 4471 1560 4580 possessio
1585 4473 1672 4557 solo

407 4600 468 4677 ΙΙΙ.
