4517 5867
442 633 684 712 nmrorsro
707 633 773 708 m
789 633 1096 726 commorans
1117 633 1398 710 sorsmmu.
1566 646 1616 746 47

245 827 384 912 mixtio
411 827 587 913 chemise
615 801 902 938 principiorum
931 822 1213 936 vegetabilium
1243 817 1465 932 quemme
1497 832 1620 915 confi·

245 968 407 1056 nentur,
420 969 460 1032 et
476 968 600 1034 enatae
609 951 701 1034 inde
712 950 832 1034 variae
843 948 1083 1030 affinitatum
1093 947 1430 1058 complicationem
1443 952 1618 1036 multum

244 1075 365 1155 etiam
378 1075 562 1186 organica
570 1073 891 1186 parenohymatis
901 1071 1041 1155 viridis
1053 1088 1253 1154 structura
1267 1087 1307 1151 et
1321 1071 1494 1182 propriae
1509 1073 1617 1158 vires

246 1197 283 1276 ei
304 1197 443 1280 insitae.
463 1199 572 1279 Num
595 1196 763 1279 forsitan
780 1197 992 1308 ¹praecipua
1021 1196 1121 1278 lucis
1143 1196 1246 1277 actio
1275 1195 1491 1279 derivanda
1516 1197 1570 1278 sit
1591 1227 1617 1278 e
1743 1227 1747 1232 ’

245 1318 434 1418 celorico,
447 1319 573 1414 ‚radiis
592 1318 787 1404 solaribus
806 1315 998 1424 admixto,
1016 1334 1060 1424 et
1074 1318 1263 1430 peculiari
1277 1316 1397 1426 hujus
1415 1319 1466 1400 ad
1482 1333 1617 1428 partes

242 1439 478 1549 vegetabiles
505 1441 788 1552 applicatione,
810 1443 887 1528 hoc
913 1443 1116 1556 probabile
1136 1441 1222 1524 esti
1243 1435 1352 1523 Dum
1372 1441 1617 1554 oxygenium

241 1561 459 1668 emittitur,
494 1567 715 1678 composita
747 1569 1041 1654 combustibilia
1072 1566 1295 1680 prodeuut3
1321 1564 1616 1676 hydrogenium

240 1711 355 1793 aquae
371 1715 463 1771 cum
481 1688 670 1772 narbonia
683 1692 827 1804 plantae
845 1693 1122 1804 conjungitur,
1139 1689 1245 1773 uude
1257 1689 1446 1791 Gummi,
1457 1686 1620 1789 ῐθδῗῦθὶ

239 1823 278 1886 et
294 1807 400 1909 olea,
414 1809 490 1892 hoc
507 1812 803 1924 hydrogenium
819 1817 1012 1916 colorem,
1026 1839 1231 1925 saperent,
1240 1827 1283 1892 et
1292 1810 1456 1892 odorem
1466 1809 1615 1888 horum

238 1956 449 2038 corporum
476 1931 607 2016 efficit.
629 1939 677 2018 In
704 1937 882 2020 absentirl
900 1939 1002 2016 luris
1025 1939 1161 2040 planta
1177 1933 1339 2012 acidum
1358 1927 1615 2015 carbunicam

238 2053 404 2158 emittit,
428 2073 468 2137 et
491 2059 737 2168 oxygonium
755 2058 861 2137 airis
882 2053 960 2136 sibi
980 2052 1180 2164 adjungit,
1205 2051 1337 2161 quod,
1361 2067 1408 2132 ut
1433 2065 1474 2131 et
1498 2077 1614 2162 aquae

234 2177 501 2282 oxygonium,
530 2207 623 2260 cum
646 2179 833 2262 carbonio
864 2180 1009 2288 plantae
1033 2177 1242 2288 copulatur
1263 2175 1369 2257 unde
1393 2191 1613 2260 nascuntur

235 2289 429 2402 producta
454 2301 683 2372 saccharina
710 2319 751 2368 er
779 2301 900 2370 acida.
927 2302 1028 2393 Quae
1047 2297 1206 2391 diversa
1236 2295 1430 2399 producta
1456 2317 1612 2373 summe

233 2399 377 2494 debilia
391 2424 499 2516 sunt,
512 2439 607 2492 nam
620 2410 779 2494 acidum
798 2409 1052 2492 carbonicum
1070 2413 1233 2492 omnino
1251 2411 1484 2521 hydricum,
1502 2412 1610 2526 quod
1646 2426 1648 2429 ’

233 2535 336 2616 hanc
359 2563 504 2646 aquam
526 2534 690 2638 retinet,
715 2535 812 2616 dum
836 2561 928 2615 oum
960 2533 1089 2616 oxidis
1124 2532 1395 2646 conjungitur,
1423 2563 1609 2646 magnam
1736 2591 1740 2599 ·

233 2657 391 2738 calorici
421 2654 696 2767 expulsionem
727 2685 808 2739 non
837 2657 998 2768 patitur.
1029 2657 1114 2736 Hac
1140 2660 1383 2768 proprietate
1412 2656 1608 2740 fruuntur

233 2779 344 2860 acida
363 2777 618 2890 vegetabilia,
638 2809 727 2890 quae
746 2798 936 2892 praeterea
961 2782 1064 2890 aqui
1089 2781 1389 2890 organisantur3
1406 2783 1513 2863 unde
1535 2785 1608 2864 aci·

234 2895 330 2980 (lum
347 2899 602 2976 (arrhenicum
619 2903 752 2974 minus
771 2901 900 2982 adhue,
917 2901 965 2976 cle
984 2901 1152 2972 calonico
1169 2931 1243 2970 suo
1263 2903 1445 2973 amittere
1463 2914 1604 3004 potest,

233 3025 345 3101 Patet
372 3016 463 3098 inde
494 3043 651 3096 summa
682 3013 969 3123 productorum
1000 3009 1280 3121 vegetabilium
1310 3013 1516 3117 debilites3
1543 3021 1607 3104 vis

235 3143 341 3222 enim
368 3137 573 3219 affinitatis
593 3135 849 3244 consecpritur
863 3159 926 3242 ex
950 3133 993 3218 vi
1021 3133 1100 3242 qul
1128 3132 1343 3214 mlorienm
1367 3136 1412 3220 in
1439 3167 1606 3252 corpore

235 3260 503 3344 combustibili
523 3258 796 3341 condensatur.

287 3437 465 3544 Apparet
499 3445 551 3510 1⁰.
581 3429 710 3511 lucem
738 3427 884 3510 hahere
912 3424 1098 3507 eximiam
1124 3421 1352 3507 facultatem
1377 3427 1608 3538 plantarum
1734 3508 1736 3511 .

238 3553 546 3636 irritabilitatem
568 3549 821 3652 stimulandi,
851 3565 992 3660 atque,
1021 3564 1068 3629 ut
1098 3566 1257 3631 caeteras
1278 3549 1527 3661 functiones,
1548 3556 1606 3637 ita
1705 3620 1708 3627 ⁴

235 3704 394 3787 quoque
413 3674 707 3784 absorptionem
724 3669 925 3753 incitandi.
1362 3679 1365 3684 ’
1471 3708 1474 3714 ’

288 3843 345 3946 n0.
364 3859 584 3967 Tenebras,
598 3889 677 3974 quo
697 3859 991 3976 profundiores,
1013 3888 1060 3941 eo
1086 3861 1199 3971 pejus
1220 3848 1473 3972 corrumpere
1489 3859 1603 3975 plan·

237 4003 369 4070 tarum
381 3985 709 4100 imitabilitatem,
727 4013 774 4068 eo
788 3986 1015 4098 graviorem
1033 3983 1098 4066 his
1118 3983 1265 4066 inferre
1283 4005 1494 4094 torporem.

290 4171 348 4254 3⁰.
369 4174 527 4256 Plantas
541 4173 777 4258 vetustiores
796 4173 941 4258 actioni
953 4173 1116 4256 luminis
1135 4171 1268 4253 minus
1285 4201 1370 4254 esse
1383 4172 1608 4296 sensibiles

235 4470 238 4474 .
285 4361 345 4458 40.
366 4361 412 4442 In
439 4362 585 4472 plantis
620 4361 749 4444 inesse
779 4363 1002 4448 mnabilem
1032 4379 1333 4474 organorumet
1363 4362 1598 4449 belaum

237 4511 494 4584 eonsensum
520 4511 648 4594 neque
670 4502 826 4568 tantum
848 4487 1054 4570 ‘caudicem
1078 4488 1354 4570 escendentem
1370 4512 1473 4601 aegre
1493 4485 1596 4574 serre
