4517 5867
649 636 897 707 curenno
921 640 986 709 tn
1009 638 1175 726 Qunsr.
1200 637 1342 709 sunto.
1628 662 1673 733 77

310 834 411 912 mini
427 830 623 940 possidet,
641 832 830 913 dominus
846 836 932 940 ipse
953 831 1130 938 dejectus
1147 834 1309 915 videtur
1323 837 1366 914 L.
1388 862 1427 933 1,
1447 843 1473 937 §
1493 862 1545 913 22
1559 832 1601 911 ff.
1622 833 1674 915 dc

310 956 350 1033 vi
362 970 402 1033 et
410 954 451 1032 vi
465 981 560 1031 arm.
572 970 612 1032 ct
624 971 694 1033 art
707 953 810 1036 2233
820 953 920 1033 Cod.
931 953 1015 1032 civ.
1024 980 1034 1049 ;
1043 982 1117 1033 nec
1128 959 1295 1037 interest
1303 959 1423 1037 etiam
1432 955 1674 1065 quidquem,

309 1093 451 1156 utrum
465 1091 625 1183 egomet
644 1104 696 1155 an
715 1102 813 1153 vero
829 1072 929 1153 alius
943 1100 1035 1152 meo
1054 1077 1220 1156 nominc
1233 1078 1466 1157 violentiam
1480 1078 1674 1169 exercuit,

309 1226 405 1278 nam
423 1198 535 1308 quod
556 1225 629 1305 per
651 1197 776 1276 alium
803 1196 989 1300 facimus,
1008 1198 1180 1303 nosipsi
1201 1196 1329 1276 facere
1347 1198 1543 1278 videmur.

363 1438 568 1540 Quaeritur
582 1455 734 1538 autem,
750 1468 801 1519 an
814 1441 990 1522 violenta
1004 1446 1056 1525 sit
1069 1445 1268 1551 possessio
1284 1442 1412 1544 illius,
1427 1444 1500 1555 qui
1516 1443 1674 1524 domini

233 1609 239 1621 ·
308 1558 483 1639 absentis
498 1562 792 1667 possessiouem
814 1566 1034 1669 ingressus,
1051 1593 1146 1645 cum
1163 1567 1270 1647 intra
1288 1594 1441 1647 aunum
1460 1566 1511 1646 ad
1529 1592 1677 1675 posses·

310 1684 466 1762 sionem
485 1708 600 1761 suam
618 1699 885 1763 revertentem
906 1712 1074 1795 eamque
1097 1686 1256 1790 ingredi
1274 1687 1478 1766 volentem
1497 1687 1679 1795 repellit?

311 1801 436 1905 Quod
456 1801 738 1882 affirmandum
759 1822 947 1911 putemus
970 1807 1209 1903 eductione,
1234 1807 1348 1916 quod
1367 1808 1581 1908 dominns,
1604 1808 1677 1917 qui

309 1952 404 2005 cum
426 1927 650 2005 intentione
668 1942 805 2035 posteo
826 1925 1024 2007 redeundi
1043 1928 1296 2035 possessione
1316 1930 1389 2007 sud
1411 1931 1572 2029 exierit,
1590 1930 1676 2006 solo
1801 1944 1808 1959 ·

310 2049 445 2127 animo
463 2075 551 2127 enm
568 2049 756 2146 retinuit,
769 2047 847 2123 hoc
862 2046 951 2124 solo
965 2048 1078 2155 quod
1093 2047 1172 2125 fuit
1188 2047 1239 2126 ad
1253 2051 1546 2155 possessionem
1564 2074 1678 2127 suam

311 2185 517 2247 revertens
541 2165 750 2272 repulsus,
780 2191 870 2243 eam
893 2167 1050 2266 amisit,
1075 2186 1326 2275 quapropter
1356 2195 1569 2273 possumus
1600 2170 1677 2275 ipsi

311 2285 512 2393 applicare
530 2284 654 2365 verba
676 2314 686 2365 ε
705 2286 738 2364 si
762 2286 855 2392 quis
873 2288 914 2363 vi
937 2286 988 2363 de
1009 2289 1260 2391 possessione
1283 2287 1460 2392 dejectus
1478 2303 1561 2382 cst3
1584 2313 1678 2364 nam

313 2424 361 2484 ut
371 2407 472 2484 alter
489 2435 584 2484 eum
595 2408 887 2511 possessionem
904 2404 1063 2511 ingredi
1072 2407 1291 2515 prohibere
1306 2409 1505 2513 potuerit,
1518 2434 1678 2487 necesse

311 2522 389 2603 fuit
417 2552 511 2604 eum
538 2527 622 2606 vim
651 2524 808 2630 facere,
834 2544 876 2605 ct
895 2529 971 2623 sic,
991 2526 1084 2606 licet
1110 2526 1176 2607 hic
1205 2530 1292 2607 sine
1316 2531 1357 2607 vi
1386 2529 1680 2634 possessionem

311 2645 513 2751 ingressus
526 2648 597 2747 sit,
610 2673 695 2725 non
716 2664 853 2726 tamen
874 2648 962 2727 sine
983 2649 1024 2726 vi
1050 2675 1137 2726 earn
1160 2649 1382 2755 acquisivit
1401 2647 1525 2726 Aliud
1543 2665 1679 2727 temen

313 2765 531 2846 dicendum
554 2785 631 2869 est,
653 2770 683 2846 si
712 2769 925 2849 dominum
949 2772 1202 2877 possessione
1224 2773 1265 2849 vi
1287 2760 1373 2851 non
1393 2770 1586 2878 expellat,
1608 2769 1681 2855 scd

313 2912 409 2965 cum
431 2891 472 2969 vi
494 2916 538 2967 ae
559 2890 681 2967 minis
706 2907 821 2993 cogat
839 2884 1135 2992 possessionem
1159 2880 1236 2987 ipsi
1264 2880 1565 2989 derelinquere,
1583 2893 1680 2993 quia

312 3005 367 3101 is,
381 3003 453 3112 qui
469 3000 719 3081 translationi
738 3003 1001 3108 possessionis
1014 3003 1231 3103 consentit,
1254 3002 1540 3113 qualicumque
1560 3008 1681 3085 etiam

313 3122 392 3203 hoc
407 3122 454 3202 lit
465 3125 610 3224 modo,
627 3124 669 3201 vi
687 3120 864 3228 dejectus
880 3123 1011 3203 rideri
1032 3151 1115 3205 non
1136 3140 1286 3231 potest,
1299 3142 1340 3204 ct
1354 3125 1525 3233 proinde
1542 3154 1618 3205 nec
1636 3131 1679 3207 ri

313 3244 519 3354 possidere
545 3245 634 3343 ille,
663 3248 736 3354 qui
763 3272 849 3325 cam
875 3246 1096 3358 acquisivit.
1122 3244 1202 3325 Sed
1227 3246 1328 3356 quid
1355 3247 1543 3343 interest,
1574 3247 1681 3325 dicet

315 3368 428 3477 quis,
451 3383 590 3445 utrum
617 3366 694 3445 hoc
719 3368 763 3445 in
787 3394 879 3445 casu
898 3367 1083 3448 videatur
1103 3370 1145 3447 vi
1167 3365 1373 3476 possidere
1395 3393 1471 3443 nec
1492 3394 1566 3465 nc,
1588 3390 1681 3444 curn

315 3506 493 3595 utroque
506 3488 549 3565 in
560 3513 656 3565 casu
667 3489 796 3595 possit
812 3488 1068 3595 praescribere
1081 3516 1155 3597 per
1169 3488 1221 3570 30
1232 3514 1360 3566 annos
1375 3501 1445 3565 art
1462 3486 1568 3564 2262
1582 3486 1681 3565 Cod.

316 3608 496 3688 Civ.Hoc
506 3609 657 3687 scilicet
666 3609 1005 3718 interest,quodsi
1015 3611 1271 3717 vipossidcre
1279 3608 1474 3704 videatur,
1483 3608 1683 3714 praescrip·

315 3730 373 3808 tio
397 3729 540 3837 incipit
557 3746 716 3810 tautum
738 3758 901 3811 currere
923 3749 1172 3811 amomcnto
1193 3756 1278 3839 quo
1304 3726 1495 3805 violentia
1520 3730 1685 3806 cessavit

321 3870 393 3933 art
414 3852 520 3935 2233
538 3858 564 3953 §
580 3880 611 3955 1,
624 3855 737 3963 quod
754 3853 979 3935 secundum
988 3857 1266 3932 Decvrncounr
1283 3867 1381 3930 tunc
1397 3850 1533 3929 locum
1549 3849 1685 3948 habet,

321 3976 486 4085 quaudo
503 4003 610 4057 novo
626 3976 748 4056 titulo
767 3978 886 4056 aliam
911 3973 1089 4083 ejusdem
1112 3975 1172 4053 rei
1193 3975 1486 4081 possessionem
1513 3976 1685 4082 acquisi-

321 4098 394 4191 vit;
414 4095 527 4205 quod
547 4098 580 4170 si
608 4122 705 4171 vero
726 4099 923 4200 possessio
945 4096 1030 4200 ejus
1050 4096 1152 4173 vitio
1172 4093 1373 4174 violentiae
1395 4123 1480 4173 non
1500 4094 1684 4194 laboret,

320 4215 567 4318 praescriptio
590 4212 732 4319 incipit
750 4240 912 4292 currere
930 4216 1065 4291 stetim
1086 4241 1132 4292 ac
1154 4218 1445 4321 possessionem
1468 4212 1685 4319 acquisive-

322 4335 385 4411 rit.
408 4334 458 4410 Et
477 4358 616 4411 revera
634 4337 832 4439 possessio
854 4333 938 4440 ejus
959 4334 1108 4439 gaudet
1130 4334 1181 4413 ab
1203 4339 1320 4417 initio
1340 4331 1528 4415 omnibus
1552 4334 1683 4443 quali-

324 4451 477 4535 tatibus
497 4471 568 4534 art
595 4480 700 4561 2229
723 4456 773 4534 ed
797 4458 1142 4563 praescriptionum
1167 4459 1387 4567 requisitis,
1412 4453 1576 4559 titulus,
1599 4483 1684 4565 quo
