4517 5867
457 461 701 590 nnsrousro
725 511 789 584 an
812 509 1120 602 anruorrnu
1142 509 1386 596 rursrcru
1589 543 1633 593 ιι

272 725 523 838 proportione
539 703 799 806 determinata
822 743 915 802 cum
932 719 1097 800 muteris
1116 719 1275 802 collecta
1291 723 1333 801 in
1351 721 1428 802 ulio
1444 749 1561 824 vase,
1581 725 1638 808 ito

270 869 316 934 ut
332 879 424 932 cum
442 851 530 962 ipsa
549 846 715 929 materia
738 843 1002 954 compositum
1023 858 1211 925 neutrum
1234 841 1406 924 salinum
1428 843 1638 927 efformare

268 975 406 1082 possit.
424 972 595 1055 Aridum
611 971 689 1052 hoc
707 969 749 1049 in
768 995 863 1048 cusu
880 991 1024 1075 aqrmm
1042 965 1283 1048 ulcalisatam
1300 966 1638 1076 constrepunt,

271 1111 310 1177 et
330 1095 439 1178 basis
455 1121 600 1204 aquam
614 1092 785 1174 acidam:
805 1105 845 1168 et
858 1089 927 1170 tali
942 1089 1061 1170 modo
1077 1088 1228 1199 absque
1239 1089 1321 1170 ullo
1333 1088 1637 1200 impedimento,

270 1218 378 1326 quod
397 1219 630 1316 transitum,
651 1215 700 1295 sd
717 1212 854 1324 polum
874 1237 954 1321 quo
972 1211 1228 1293 attrahuntur
1244 1213 1491 1321 perveniunt.
1517 1213 1639 1316 Quod

269 1342 413 1448 pendet
435 1369 458 1420 a
478 1356 585 1421 statu
601 1337 820 1448 respective
846 1335 1029 1447 negativo
1053 1349 1123 1416 aut
1144 1335 1318 1446 positivo
1336 1336 1379 1416 in
1397 1363 1479 1446 quo
1494 1333 1638 1417 consti·

269 1479 446 1544 tuentur.

321 1683 438 1768 Ubi
427 1684 548 1826 igitur
572 1681 755 1768 columna
781 1711 868 1766 sese
893 1699 1080 1766 exonerat
1103 1700 1144 1768 et
1165 1681 1302 1767 sub
1268 1715 1354 1794 epus
1377 1684 1548 1769 mansitu
1572 1687 1639 1770 de·

225 1795 244 1872 1'
268 1808 594 1917 compositionem
616 1809 833 1890 chemicam
851 1805 1120 1918 operandam
1109 1809 1282 1908 invenit,
1300 1809 1384 1916 ejus
1405 1809 1607 1921 fluidum
1595 1839 1640 1892 ιιι

268 1925 366 2009 duas
391 1948 523 2040 partes
547 1929 819 2071 distribuitur,
853 1959 1036 2070 quarum
1052 1931 1176 2012 altera
1198 1960 1284 2014 sese
1310 1932 1493 2042 copulat,
1516 1911 1641 2019 sltcra

269 2078 356 2132 sese
373 2053 564 2162 applicat3
582 2055 692 2162 prior
710 2082 803 2134 cum
823 2055 1028 2164 origenio,
1046 2054 1243 2161 posterior
1257 2053 1309 2134 ud
1326 2049 1640 2166 hydrogenium,

271 2192 340 2253 ant
366 2175 486 2255 altera
515 2201 607 2256 cum
634 2203 798 2284 corpore
823 2174 1002 2274 oxidato,
1030 2173 1154 2256 altera
1174 2174 1225 2255 ud
1247 2202 1392 2282 corpus
1419 2175 1640 2258 reductum

273 2291 345 2374 Sin
367 2291 447 2374 duo
468 2321 634 2432 corpora
657 2293 739 2372 sint
763 2291 943 2392 oxidata,
965 2320 1060 2400 pars
1083 2294 1195 2400 prior
1217 2323 1310 2374 cum
1332 2289 1498 2404 corpore
1507 2295 1643 2436 magis

272 2409 454 2515 oxidato3
483 2415 680 2524 posterior
709 2441 804 2498 vero
839 2443 931 2496 cum
963 2414 1097 2532 minus
1126 2414 1286 2499 οιιιιιιιο
1312 2429 1399 2496 sese
1428 2418 1642 2528 conjungit

271 2531 513 2644 Origenium
539 2553 673 2636 nutem
698 2535 805 2648 quod
828 2539 1089 2646 quantitatem
1113 2537 1349 2647 completam
1381 2539 1539 2619 calorici
1564 2569 1660 2654 pro

272 2683 346 2736 suo
362 2658 467 2766 gazis
483 2673 590 2738 statu
601 2657 736 2758 habet,
752 2657 873 2739 fluido
892 2659 1083 2740 columnus
1095 2655 1147 2738 ab
1159 2658 1407 2770 hydrogenio
1418 2660 1643 2768 sejunctum

270 2775 419 2886 absque
441 2779 778 2863 combustionem
777 2781 896 2923 polo
918 2782 1091 2892 positivo
1115 2782 1275 2864 metalla
1296 2783 1412 2868 valde
1435 2783 1644 2916 oxigonata

274 2895 434 2978 oxidare
461 2883 543 2974 ¹non
570 2921 725 3000 posses,
752 2899 831 2972 uisi
815 2903 999 2970 ιοιωιιο
940 2933 1082 2980 mm
1099 2905 1247 2996 quod
1228 2934 1281 2972 an
1310 2906 1386 2972 lu
1363 2903 1644 3014 operatione

275 3013 488 3126 deponit,
477 3043 521 3094 ιιι
542 3013 619 3096 hoc
642 3011 734 3119 polo
759 2999 1026 3104 resumeretur
1045 3009 1133 3086 loco
1162 3009 1288 3116 portis
1306 3007 1416 3092 fluidi
1444 3017 1551 3157 (pund
1566 3021 1644 3129 hy

276 3139 510 3251 drogenium
531 3129 583 3216 ad
604 3133 743 3243 polum
771 3127 1001 3240 negativum
1034 3129 1248 3210 transtulit
1278 3133 1462 3242 Atque
1430 3165 1488 3218 src
1504 3141 1582 3222 nisi
1600 3141 1644 3224 ιιι

276 3261 389 3344 {ieret
421 3258 537 3340 oxida
568 3283 649 3338 non
680 3254 807 3364 magis
839 3249 1105 3334 oxidurentur.
1140 3251 1331 3362 Regulam
1365 3259 1474 3362 quod
1504 3264 1645 3347 attinet

279 3383 392 3464 fluidi
408 3380 594 3478 electrici,
610 3379 697 3458 haec
710 3393 792 3458 est:
807 3371 1033 3484 superficies
1049 3371 1217 3457 fluidum
1233 3375 1460 3458 electricum
1477 3379 1643 3486 ducens,

278 3504 460 3588 liberatio
478 3502 635 3584 calorici
652 3497 874 3597 sufficiens,
900 3523 1044 3606 corpus
1063 3495 1356 3578 electricitstem
1372 3516 1413 3581 et
1431 3500 1645 3586 coloricum

281 3627 417 3708 eodem
445 3641 621 3734 tempore
646 3622 816 3718 isolens,
844 3617 1139 3728 penetrabilitss
1158 3647 1301 3705 massae
1323 3620 1444 3729 hujus
1465 3629 1645 3732 corporis

278 3777 350 3858 per
369 3747 535 3828 fluidum
552 3759 857 3826 concentratum.
877 3742 923 3828 Iu
939 3740 1072 3882 priori
1084 3769 1180 3822 casu
1195 3740 1444 3850 modificetur
1462 3744 1644 3830 electrici-

280 3889 341 3952 tos
351 3898 472 3980 ,que
490 3898 576 3950 sese
593 3865 815 3978 appliout3'
804 3894 848 3946 ιιι
865 3865 1091 3973 posteriori,
1112 3843 1280 3946 fluidum
1297 3893 1383 3946 sese
1400 3867 1477 3947 sub
1495 3869 1643 3953 scintil-

284 3996 414 4077 larum
432 3991 559 4074 formu
577 3991 808 4094 coalescens.
827 3987 919 4070 Sic
909 4016 951 4069 ιιι
968 3992 1079 4084 se're,
1093 3985 1260 4067 calorico
1269 3988 1402 4093 ,quod
1416 4016 1519 4107 aqua
1530 3991 1642 4102 depo

285 4115 361 4212 nit,
374 4113 423 4194 ab
437 4143 616 4224 origemo
627 4127 829 4226 segregato
841 4109 1007 4192 fluidum
1022 4108 1246 4188 electricum
1259 4105 1461 4190 efformari
1475 4113 1642 4194 videtur

287 4239 375 4320 Hoc
383 4265 487 4316 cmm
496 4233 560 4335 fit,
578 4235 684 4344 quod
704 4241 770 4315 ιιι
788 4231 945 4317 calorici
962 4258 1110 4340 pravus
1128 4228 1363 4331 conductor,
1380 4230 1482 4315 idad
1494 4251 1643 4319 terram

286 4353 499 4446 transferre
516 4383 597 4440 uon
613 4355 750 4438 valeat.
