4517 5867
702 577 750 652 to
1125 576 1284 650 mtto
1306 576 1396 648 1Δῦ
1420 577 1714 656 senonum

707 805 831 892 qnam
847 777 898 860 ad
917 775 1287 878 condemnandum,
1300 801 1393 858 nam
1412 781 1486 859 etsi
1501 804 1596 860 reus
1608 781 1710 860 nihil
1728 785 1952 889 prostiterit
1964 787 2064 869 nihil

705 903 961 1016 probaverit,
983 917 1117 980 actore
1135 924 1220 978 non
1241 897 1439 1006 probante
1458 927 1553 982 reus
1572 901 1804 985 absolvitur.

757 1137 951 1218 preterea
978 1157 1063 1210 non
1083 1127 1216 1209 solum
1237 1126 1410 1238 quilibet
1431 1153 1637 1237 possessor
1656 1129 1709 1211 ob
1730 1159 1855 1217 onere
1872 1137 2067 1246 probandi

706 1253 1002 1357 liberetur,sed
1019 1279 1094 1333 nec
1105 1251 1344 1358 regulariter
1364 1268 1527 1332 tenetur
1546 1252 1665 1334 edere
1685 1256 1852 1335 titulum
1872 1287 1957 1339 suae
1979 1291 2067 1372 pos·

708 1382 948 1464 sessionisL
970 1408 1010 1466 11
1030 1379 1073 1459 C.
1094 1378 1146 1458 de
1164 1378 1267 1486 petit
1284 1375 1425 1457 haered.
1444 1377 1546 1457 Dico
1564 1378 1818 1485 regulariter,
1836 1383 1992 1492 quinio
2004 1411 2068 1494 pe-

674 1571 677 1576 .
706 1506 852 1584 titione
873 1500 1114 1581 haereditatis
1137 1514 1272 1608 potest
1297 1501 1388 1606 cogi
1409 1497 1561 1603 dicere,
1586 1518 1724 1580 utrum
1742 1527 1819 1609 pro
1841 1504 2004 1586 haerede
2024 1535 2069 1588 sn

710 1654 807 1707 vero
824 1652 900 1734 pro
922 1649 1149 1731 possessore
1166 1620 1368 1729 possideat
1382 1622 1419 1702 d.
1434 1624 1476 1700 L.
1499 1647 1541 1699 11
1565 1621 1609 1700 C.
1632 1624 1711 1698 Pro
1727 1635 2068 1728 possessore'rero

703 1748 818 1856 juxte
838 1749 880 1826 L.
910 1773 971 1843 ιι,
992 1745 1018 1841 §
1040 1771 1076 1847 1,
1095 1746 1138 1822 L.
1163 1771 1210 1822 ια
1230 1759 1274 1824 et
1297 1743 1342 1825 13
1363 1742 1402 1822 ff.
1423 1742 1474 1824 de
1496 1743 1597 1850 petit
1615 1741 1760 1822 hered.
1785 1742 1939 1825 dicitur
1956 1755 2070 1856 possi·

708 1871 826 1973 dere,
843 1869 916 1980 qui
936 1868 1095 1949 nullum
1120 1867 1286 1948 titulum
1304 1867 1444 1967 habet,
1471 1867 1536 1947 vel
1553 1866 1723 1978 quidem
1742 1866 1868 1948 habet
1886 1870 1961 1952 sed
1983 1901 2069 1954 eum

706 1991 875 2099 allegare
895 2017 979 2071 non
1001 1991 1102 2096 vult,
1119 1992 1326 2072 autetiam
1344 1989 1513 2102 quidem
1529 1991 1696 2071 titulum
1716 1990 1859 2099 alleget
1877 1994 1951 2074 sed
1968 1997 2069 2078 inva-

706 2112 845 2196 lidum.
868 2115 1080 2194 Rationem
1117 2141 1233 2216 vero,
1260 2140 1334 2193 eur
1364 2114 1500 2222 potius
1531 2113 1575 2190 in
1605 2115 1802 2221 petitione
1832 2115 2067 2201 hereditatis

707 2265 831 2348 quam
864 2241 908 2316 in
934 2239 994 2316 rei
1019 2235 1292 2318 vindicatione
1322 2253 1392 2317 aut
1418 2235 1493 2316 alit
1519 2236 1661 2342 qndvls
1686 2239 1844 2320 actione
1867 2267 2069 2347 possessor

706 2361 834 2469 possit
851 2359 941 2466 cogi
959 2355 1079 2438 edere
1099 2357 1264 2436 titulum
1280 2383 1363 2436 suae
1380 2357 1664 2464 possessionis,
1677 2357 1748 2437 det
1764 2361 1885 2440 nobis
1901 2367 2068 2444 Msosrs·

705 2507 778 2564 sss
797 2481 875 2588 (1),
899 2481 1015 2591 quia,
1043 2480 1119 2580 ait,
1140 2482 1184 2554 in
1211 2479 1363 2556 caeteris
1385 2476 1614 2557 actionibus
1638 2505 1722 2558 non
1742 2479 1907 2560 interest
1927 2487 2070 2565 actoris

706 2603 831 2701 scire,
849 2625 932 2708 quo
951 2597 1073 2678 titulo
1084 2623 1290 2705 possessor
1307 2599 1522 2706 possideam
1535 2601 1569 2679 si
1583 2600 1690 2679 enim
1708 2625 1743 2680 v.
1763 2627 1799 2707 g.
1816 2619 1909 2708 agat
1926 2604 2071 2687 reirin·

708 2720 929 2825 dicamne,
951 2719 1072 2802 debet
1091 2719 1268 2827 probare
1288 2718 1534 2822 dominium,
1554 2748 1810 2834 quocumque
1829 2726 1949 2807 titulo
1974 2755 2069 2838 pos·

705 2871 837 2924 sessor
856 2843 1080 2946 possideat,
1092 2867 1225 2945 euque
1242 2842 1415 2942 probato
1433 2873 1521 2925 rem
1531 2873 1645 2928 susm
1666 2849 1940 2952 recuperabit,
1958 2850 2069 2930 nullo
2162 2930 2163 2937 Ν

707 2991 803 3071 ergo
813 2961 937 3042 modo
947 2959 1032 3068 ejus
1049 2959 1217 3038 interest
1230 2959 1349 3063 seire,
1363 2987 1448 3071 quo
1465 2961 1584 3043 titulo
1603 2990 1807 3073 possessor
1824 2993 1909 3047 rem
1926 2985 2068 3052 teneat
2162 2948 2163 2961 Ν

709 3084 831 3168 Aliud
845 3101 905 3166 est
921 3086 965 3163 in
978 3083 1175 3193 petitione
1193 3080 1450 3184 haereditatis3
1470 3113 1562 3167 eum
1579 3091 1676 3170 enin
1692 3090 1777 3172 haec
1787 3107 1941 3173 tentum
1952 3093 2070 3174 detur

708 3226 848 3291 contra
858 3235 933 3318 pro
943 3204 1101 3288 haerede
1114 3203 1178 3286 rel
1187 3231 1415 3316 possessore
1423 3209 1808 3319 possidentem‚non
1821 3243 1919 3297 vero
1933 3233 2069 3296 contra

706 3334 787 3416 elio
803 3333 949 3445 quovis
961 3328 1080 3412 titulo
1098 3328 1371 3439 possidentem
1384 3357 1420 3412 r.
1432 3359 1468 3439 g.
1480 3357 1556 3440 pro
1566 3353 1748 3444 emptore
1761 3337 1971 3420 donatario
1984 3356 2070 3438 ete,

706 3474 846 3538 eontra
880 3481 984 3566 qnos
1017 3453 1294 3535 reirindimtio
1326 3471 1387 3534 est
1418 3455 1674 3560 intentanda,
1700 3460 1875 3540 multum
1908 3465 2073 3542 interest

708 3578 808 3658 scire
827 3599 916 3684 quo
928 3578 1048 3657 titulo
1071 3578 1296 3683 possideat3
1308 3601 1405 3656 nam
1422 3577 1465 3655 in
1483 3578 1815 3662 reivindieetione
1837 3580 1958 3661 debet
1973 3607 2075 3686 pro·

707 3698 807 3781 bare
825 3697 1073 3796 dominium,
1103 3695 1217 3807 quod
1238 3725 1344 3808 saepe
1365 3698 1587 3782 admodum
1611 3701 1827 3785 difficulter
1851 3699 2074 3809 probetur,

708 3821 781 3904 ubl
800 3823 843 3901 in
860 3821 1055 3932 petitione
1065 3819 1307 3902 hereditatis
1319 3820 1467 3904 suffieit
1477 3826 1647 3933 prebere
1663 3826 1806 3923 actori,
1822 3849 1864 3902 se
1880 3849 1967 3903 esse
1986 3822 2073 3901 hae·

709 3945 869 4050 redem,
882 3963 923 4026 et
937 3973 1022 4026 rem
1034 3943 1159 4044 illam,
1179 3971 1303 4055 quam
1322 3945 1422 4027 alter
1432 3939 1635 4054 possidet,
1652 3973 1737 4027 esse
1757 3944 2072 4055 ‹ex-hereditate,

708 4071 822 4182 quod
841 4070 1083 4182 plerumque
1103 4095 1190 4148 non
1211 4070 1267 4149 its
1284 4067 1499 4149 difficulter
1523 4068 1731 4176 probetur.

757 4283 819 4363 Ex
847 4281 964 4362 dictis
982 4278 1144 4389 jamjam
1163 4298 1297 4391 patet,
1318 4297 1519 4391 quantum
1536 4277 1752 4367 favorabile
1770 4280 1822 4364 sit
1843 4280 2067 4389 possidere,

751 4525 799 4616 (ι)
820 4527 914 4594 Tem.
936 4529 966 4610 l,
990 4548 1062 4618 ρας.
1088 4525 1158 4595 1³0.
