4517 5867
669 702 689 723 ,.
740 648 1314 720 nissaararronnnrcs.
1382 626 1392 701 ῗ
1446 625 1451 631 ’
1686 652 1732 737 as
1832 608 1836 615 ¹

419 836 467 916 ln
490 830 643 921 morbis
663 830 789 914 acutis
807 847 847 911 et
871 828 1082 911 fabrilibus
1100 858 1186 910 non
1212 846 1384 940 prosunt
1409 830 1574 912 allectus
1592 832 1733 931 animia
1866 820 1870 828 ’

364 982 457 1051 nam
484 956 528 1033 in
556 954 664 1036 hisce
693 952 993 1055 allectionibus,
1019 954 1136 1063 quies
1170 956 1339 1036 omnino
1356 955 1581 1034 -necessaria
1604 972 1665 1035 est
1686 970 1730 1033 et

364 1080 573 1171 animae—eb
595 1078 800 1185 corporis,
817 1094 962 1161 natum
979 1073 1270 1157 sufficientibus
1289 1076 1348 1155 ad
1374 1076 1451 1158 bos
1471 1074 1639 1159 morbos
1659 1105 1729 1157 cu·

345 1201 514 1282 ⁴randos
531 1200 728 1307 praedives
747 1217 806 1280 est
823 1197 1186 1303 adminiculissed
1207 1200 1285 1279 sub
1303 1199 1568 1279 declinatione
1587 1223 1733 1282 eorum

316 1406 317 1411 ,
363 1340 403 1402 et
427 1326 471 1404 in
493 1323 829 1423 convalescentia,
856 1323 899 1399 in
932 1318 1213 1399 allectionibus
1237 1322 1417 1399 nervosis
1443 1323 1551 1399 etin
1580 1322 1733 1400 morbis

361 1446 562 1527 chronicis
598 1444 687 1526 aliis
720 1441 829 1524 baud
860 1468 1004 1547 parum
1037 1439 1305 1550 contribuunt
1338 1439 1390 1519 ad
1423 1466 1569 1519 curam.
1599 1443 1733 1534 Status

360 1556 570 1653 animast
597 1561 765 1647 directio
798 1560 1034 1665 affectuum,
1060 1562 1104 1641 in
1131 1553 1467 1670 profligationem
1484 1580 1557 1641 aut
1585 1562 1732 1643 recidi·

359 1712 455 1769 vam
483 1685 725 1772 morborum
744 1686 926 1775 vistorum
950 1682 1128 1765 influunt
1149 1684 1507 1794 quemadmodum.
1521 1686 1576 1765 -ln
1598 1688 1732 1771 omni·

358 1807 436 1891 bus
458 1809 569 1889 bisce
591 1809 750 1891 casibus
767 1806 915 1889 sedulo
938 1806 1070 1887 mistos
1093 1804 1258 1887 affectus
1280 1830 1331 1889 ex
1356 1808 1732 1914 aegrotantisanimo
1798 1877 1803 1883 .

361 1923 551 2007 eliciendi
567 1937 679 2015 suut,
699 1928 810 2001 etad
829 1926 1002 2003 blandos
1025 1930 1328 2007 recurrendum.
1348 1932 1486 2011 'Grata
1509 1929 1732 2041 colloquia,
1789 1960 1796 1970 ·

366 2047 543 2148 minua,
560 2045 782 2127 amicorum
802 2052 1056 2149 congressus,
1075 2040 1440 2146 deambulationes,
1454 2054 1627 2129 rusticus
1645 2078 1733 2149 aer,

366 2168 676 2253 narratiunculae
693 2166 858 2278 lepidas,
876 2166 1024 2248 festiva
1043 2183 1084 2247 et
1101 2166 1250 2249 cimilia
1273 2167 1358 2247 broc
1370 2184 1561 2276 praestant
1580 2170 1732 2268 officia,

367 2308 408 2373 et
432 2291 658 2377 mirabilem
681 2293 729 2373 in
751 2290 923 2373 modum
943 2291 1122 2373 sanitatis
1150 2290 1328 2375 reditum
1363 2290 1598 2372 adcelerant.
1801 2323 1803 2328 ·

416 2544 527 2635 lutei
551 2554 728 2635 adiectus
754 2555 878 2634 animi
907 2552 975 2634 alii
1003 2554 1091 2637 aliis
1112 2554 1286 2662 palmam
1307 2539 1564 2663 praeripiunt,
1584 2571 1626 2637 et
1644 2568 1735 2635 sus·¹

367 2675 479 2751 citari
493 2695 717 2764 merentum
726 2676 823 2747 talos
838 2692 933 2755 sunt
942 2678 986 2756 in
1001 2704 1165 2778 genere,
1177 2704 1285 2785 spes,
1295 2672 1507 2784 gaudium,
1519 2692 1732 2781 amor,‘etc

366 2792 481 2870 Grati
499 2792 564 2869 isti
583 2788 763 2870 adfectus
781 2814 874 2867 raro
894 2804 1058 2885 nocent,
1078 2788 1111 2865 si
1130 2788 1286 2864 ratione
1307 2805 1574 2899 usurpentur,
1595 2818 1731 2899 symp-

364 2930 516 2993 tomata
536 2913 744 3019 mitigant,
769 2910 932 2989 orisium
962 2910 1214 3018 operationes
1241 2908 1458 3018 perfectas,
1486 2928 1529 2991 et
1553 2914 1733 2995 sanitatis

365 3038 697 3117 restaurationem
724 3024 890 3113 brevem
900 3048 1195 3142 *sequuntur
1210 3033 1362 3139 Ingrati
1380 3051 1543 3133 contra,
1566 3034 1735 3116 morbos
1813 3106 1816 3109 ,

366 3161 570 3263 graviores
583 3155 761 3236 reddunt
771 3155 1000 3265 aliquoties,
1016 3174 1057 3235 et
1070 3142 1339 3236 recidivarum
1357 3158 1533 3263 origines
1545 3177 1650 3238 sunt.
1661 3160 1733 3239 Isti

345 3258 417 3357 ⁸ad
442 3277 737 3386 longevitatem
763 3274 1012 3387 disponunt,
1037 3278 1080 3359 hi
1113 3280 1204 3359 vitae
1234 3277 1348 3359 iilum
1380 3279 1632 3360 abscindunt.
1669 3278 1732 3357 Illi

365 3400 622 3485 firnctionum
657 3428 841 3481 normam
877 3399 1095 3512 affirmant,
1126 3401 1170 3481 hi
1199 3400 1456 3504 harmoniam,
1481 3428 1621 3494 earum
1646 3398 1732 3481 adi-

365 3541 493 3606 munt.
532 3528 594 3605 De
630 3526 822 3605 omnibus
835 3524 963 3606 'bisce
999 3522 1211 3627 >affectibus
1243 3525 1418 3605 ,seorsim
1454 3550 1626 3631 agemus

366 3648 466 3755 Spes
479 3648 733 3732 dulcissimus
744 3668 809 3733 est
822 3647 1121 3758 affecms,aegro
1137 3648 1426 3743 saluberrimus
1440 3665 1480 3728 et
1490 3645 1745 3748 subsidium,
1876 3662 1882 3673 “

368 3798 390 3850 e
408 3774 617 3855 medecina
630 3775 772 3855 morali
792 3774 1101 3885 depromptum,
1114 3773 1233 3883 ponit
1248 3770 1394 3853 efficax.
1413 3771 1564 3853 Utilem
1586 3772 1628 3848 in
1646 3780 1736 3846 c‘or·

367 3918 444 4001 pus
476 3899 603 3977 exerit
625 3900 825 3978 actionem
853 3926 935 4008 qua
960 3915 1100 3977 natura
1125 3897 1169 3974 in
1198 3892 1502 3995 operationibus
1522 3891 1605 3970 suis
1621 3888 1737 3998 juva·

368 4032 458 4114 tur·;
492 4037 646 4100 metum
683 4021 733 4101 de
765 4034 915 4101 eventu
953 4020 1101 4097 misero
1135 4007 1344 4109 removet,
1377 4014 1553 4091 animam
1588 4013 1737 4115 placat,

371 4148 413 4213 et
429 4150 476 4210 ut
488 4133 679 4210 velociter
697 4130 907 4209 elabantur
921 4147 1126 4239 tempora,
1137 4126 1380 4209 ‘efficitHoc
1398 4132 1521 4239 modo
1538 4127 1588 4207 ad
1603 4128 1738 4210 morbi

374 4255 621 4353 sanationem
657 4276 895 4331 concurrere
924 4267 1076 4357 potest,
1105 4265 1146 4329 et
1174 4252 1251 4351 nisi
1275 4251 1551 4335 medicationis
1566 4243 1738 4359 'patte'm

374 4379 615 4480 constituat,
638 4374 777 4456 saltem
794 4371 962 4454 morbus
980 4377 1114 4455 minus
1132 4376 1314 4482 pertinax
1331 4393 1420 4456 tum
1444 4376 1541 4476 erit,
1561 4402 1684 4486 quam
1704 4377 1739 4456 si

375 4524 478 4609 aeger
499 4499 551 4582 de
576 4516 684 4581 sorte
711 4516 783 4580 'sua
807 4495 1012 4602 ambigere
1040 4496 1252 4627 debuisset.
1284 4500 1421 4605 AEgro
1453 4496 1596 4686 furuerae
1623 4526 1737 4579 sana-
1830 4621 1832 4625 ,
