4517 5867
649 684 896 755 RESPONSIO
920 686 983 753 ab
1007 684 1178 771 QUAEST.
1202 686 1342 756 suam.
1633 716 1679 788 97

366 886 570 990 Quaeritur
582 900 734 987 autem,
753 910 804 961 an
822 880 942 960 bonae
953 878 1046 958 fidei
1060 908 1264 988 possessor
1282 874 1399 965 saciat
1412 885 1564 967 fructus
1583 886 1677 970 irre·

312 1009 547 1091 vocabiliter
582 1034 687 1087 suos.
724 1002 849 1107 Quod
881 1001 1161 1082 affirmandum
1187 1023 1395 1111 putamus;
1430 1006 1529 1088 dicit
1565 1013 1675 1090 enim

312 1149 382 1211 art
402 1130 479 1239 549
501 1128 598 1211 Cod.
619 1130 721 1224 Civ.,
742 1125 894 1205 fructus
918 1123 968 1203 ad
989 1150 1083 1202 eum
1103 1126 1329 1231 pertinere,
1351 1156 1437 1235 quo
1454 1129 1615 1209 videtur
1635 1158 1678 1211 se

204 1266 209 1275 '
311 1252 460 1332 referre
470 1250 519 1331 ad
529 1245 713 1357 id,quod
721 1264 837 1326 antea
848 1244 1068 1325 obtinebat.
1079 1244 1159 1324 sed
1169 1264 1260 1326 ante
1272 1246 1465 1328 Codicem
1475 1277 1680 1357 possessor

309 1371 542 1481 acquirebat
559 1370 637 1449 sibi
656 1368 809 1449 fructus
828 1365 1169 1463 irrevocabiliter,
1188 1383 1290 1446 teste
1304 1370 1476 1447 Porrima
1492 1372 1565 1475 (r);
1579 1400 1676 1477 ergo

310 1510 351 1573 et
370 1519 479 1571 nunc
500 1491 674 1600 acquirit
696 1514 773 1569 eos
792 1486 870 1567 sibi
889 1486 1226 1589 irrevocabiliter,
1248 1516 1342 1566 cum
1360 1491 1498 1587 toties,
1517 1496 1676 1603 quotics

228 1632 233 1637 ·
310 1611 411 1721 quid
429 1613 696 1719 acquirimus,
714 1610 968 1719 acquiramus
982 1605 1026 1687 id
1049 1607 1382 1713 irrevocabiliter,
1402 1612 1480 1695 nisi
1494 1612 1558 1694 lex
1577 1643 1674 1695 con·

264 1793 266 1797 ·
309 1734 476 1813 tracium
496 1746 648 1814 statuat.

372 1964 493 2056 Bonae
525 1976 661 2085 itaque
693 1972 787 2055 fidei
812 1999 1018 2083 possessor
1050 1975 1143 2057 facit
1176 1969 1329 2053 fructus
1359 1975 1675 2055 irrevocabiliter

309 2124 420 2192 suos3
440 2115 480 2174 at
505 2098 579 2174 alia
599 2114 658 2174 est
678 2097 869 2203 quaestio,
891 2112 1030 2171 utrum
1048 2121 1117 2173 eos
1139 2099 1193 2171 ita
1219 2098 1416 2201 acquirat,
1434 2110 1481 2172 ut
1500 2094 1613 2173 nullo
1631 2097 1676 2174 in

310 2242 403 2292 casn
424 2219 551 2320 possit
569 2213 620 2293 ad
646 2241 788 2293 eorum
815 2214 1110 2295 restitutionem
1129 2216 1269 2292 teneri.
1290 2215 1417 2315 Finge
1439 2212 1558 2293 bonae
1581 2216 1675 2295 fidei

308 2360 580 2441 possessorem
597 2336 648 2413 ad
668 2334 969 2413 derelictionem
988 2334 1104 2413 fundi
1123 2332 1435 2412 condemnatum
1458 2350 1595 2439 petere
1612 2334 1674 2414 de-

308 2454 539 2535 ductionem
557 2459 848 2563 impensarum,
859 2456 1061 2562 poteritne
1076 2453 1267 2534 dominus
1278 2452 1540 2557 contendere,
1558 2456 1674 2535 illum

306 2595 592 2686 perceptorum
614 2578 818 2657 fructuum
844 2577 1024 2657 valorem
1046 2574 1197 2654 debere
1214 2601 1474 2679 compensare
1494 2602 1588 2655 cum
1605 2604 1673 2679 eo,

307 2699 420 2807 quod
438 2700 515 2777 sibi
531 2703 807 2806 impensarum
820 2696 937 2777 causi
951 2696 1145 2799 debetur,
1158 2699 1215 2776 ita
1225 2713 1272 2775 ut
1286 2695 1672 2778 dominusteneatur
1751 2777 1754 2782 .

305 2835 463 2896 tantum
484 2822 703 2925 possessori
718 2820 872 2898 solvere
893 2819 957 2913 id,
977 2820 1091 2917 quod
1109 2819 1317 2886 fruetuum
1335 2818 1472 2887 valore
1492 2819 1669 2900 deducto

304 2940 452 3015 restat?
472 2942 524 3016 Et
550 2940 717 3040 quidem
745 2938 795 3018 de
820 2940 917 3017 lure
942 2934 1123 3009 Romano
1154 2926 1313 3005 nullum
1339 2932 1535 3008 sententia
1563 2936 1669 3013 affir-

303 3056 450 3135 mativa
478 3051 707 3160 patiebatur
725 3047 920 3144 dubium;
939 3076 989 3129 ex
1007 3052 1049 3127 L.
1069 3048 1122 3144 48
1149 3046 1190 3125 ff.
1213 3046 1265 3127 de
1287 3051 1384 3129 reiv.
1409 3052 1669 3138 satisfaciebat

304 3175 494 3253 dominus
511 3171 706 3252 solvendo
717 3171 933 3278 possessori
952 3168 1071 3270 illud,
1085 3167 1199 3280 quod
1219 3169 1423 3252 fructuum
1445 3174 1579 3258 valore
1595 3179 1666 3259 de-

305 3291 427 3372 ducto
456 3292 638 3371 restabat
663 3292 788 3393 Quod
817 3316 916 3369 vero
945 3292 1087 3371 attinet
1117 3294 1356 3373 sententiam
1384 3294 1437 3373 de
1461 3300 1560 3375 Jure
1579 3300 1666 3396 Ho-

304 3412 447 3493 dierno
465 3410 689 3512 ferendam,
709 3428 911 3519 putamus,
933 3410 1047 3519 quod
1071 3409 1222 3490 decisio
1239 3416 1262 3491 J
1264 3416 1347 3491 uris
1361 3417 1556 3508 Romani,
1572 3416 1666 3499 licet

304 3560 392 3611 eam
416 3533 529 3612 nullo
556 3550 626 3611 art.
648 3530 747 3612 Cod.
771 3532 969 3638 possimus
991 3529 1178 3628 fundare,
1196 3528 1319 3609 hodie
1339 3533 1462 3609 etiam
1479 3532 1665 3617 obtinere

302 3648 468 3753 debeat,
497 3654 544 3729 ed
573 3652 722 3731 scilicet
746 3653 930 3751 ratione,
960 3650 1072 3759 quod
1100 3653 1266 3758 aeqtritas
1294 3668 1337 3727 et
1362 3651 1464 3730 ratio
1492 3650 1594 3761 juris
1619 3659 1664 3737 id

302 3796 423 3879 quam
453 3773 626 3850 maxime
655 3772 851 3881 postulat3
875 3770 988 3879 quod
1016 3772 1126 3850 enim
1157 3797 1363 3876 possessor
1390 3773 1561 3855 deducat
1586 3780 1662 3857 im·
1788 3800 1791 3804 ’

301 3918 461 3999 pensas,
487 3908 546 3971 est
569 3890 692 3969 hodie
720 3910 768 3970 ut
795 3891 910 3987 olim,
934 3918 985 3969 ne
1007 3889 1251 3996 locupletior
1268 3888 1339 3968 fiat
1361 3890 1550 3977 dominus
1568 3926 1662 3980 cum

298 4010 449 4118 jactura
468 4011 574 4117 ejus,
591 4028 632 4091 at
648 4036 807 4091 summo
830 4026 871 4093 et
891 4010 1031 4088 stricto
1049 4008 1139 4115 jure
1163 4037 1249 4090 non
1270 4028 1427 4118 poterat
1444 4013 1659 4117 deducere,

301 4129 372 4211 sed
385 4155 435 4209 ex
453 4131 638 4235 equitate
652 4144 826 4224 tantum,
847 4152 939 4205 cum
958 4145 1092 4208 autem
1113 4130 1271 4212 lucrum
1294 4160 1497 4240 possessor
1518 4136 1660 4220 babeat

345 4384 394 4470 (ι)
415 4385 524 4457 Troiad
546 4386 592 4451 du
608 4385 698 4455 droit
719 4388 760 4455 dc
785 4388 939 4459 domnine
952 4390 994 4459 dc
1008 4392 1176 4481 proprietti
1198 4418 1247 4462 ur.
1266 4396 1341 4475 ³4¹·

445 4508 507 4577 111.
1427 4588 1432 4596 .
1471 4518 1522 4599 13.
