4517 5867
544 614 591 697 44
875 608 1092 685 ANDREAE
1115 608 1293 681 const<
1317 610 1609 683 nonnata

543 800 669 900 tionis
694 822 809 908 spem
835 796 1035 881 inculeare
1068 800 1340 910 maximopere
1368 798 1506 901 refert,
1533 798 1648 909 quod
1679 795 1746 904 lit,
1771 797 1815 881 ei·
1836 828 1912 883 ex-

548 919 938 1031 pertentandum
970 920 1059 1003 lete
1102 948 1211 1027 esse,
1241 922 1466 1031 periculose
1501 950 1544 1003 se
1573 948 1659 1003 non
1692 939 1905 1029 egrotare,

546 1061 587 1123 et
614 1070 711 1123 mox
727 1045 772 1127 in
790 1044 1006 1153 pristinum
1022 1060 1170 1127 statum
1185 1047 1417 1127 restitutum
1435 1046 1497 1126 iri.
1519 1044 1569 1127 In
1588 1044 1767 1129 eundem
1788 1044 1916 1127 linem

546 1164 761 1271 plurimam
790 1166 945 1251 confert
972 1166 1118 1251 fiducia
1146 1195 1318 1276 operam

545 1482 550 1493 .
593 1415 718 1522 Allgri
744 1414 933 1497 fiduciam
968 1412 1231 1495 contrahendi
1259 1416 1368 1493 haud
1396 1415 1596 1521 ambigue
1628 1428 1689 1494 est
1716 1408 1917 1513 utilitatis,

542 1562 590 1615 ac
615 1538 824 1617 momenti.
842 1540 1031 1615 Potentcr
1057 1536 1141 1639 agit
1162 1534 1207 1611 in
1227 1535 1405 1616 ammam
1422 1536 1635 1642 patientis,
1654 1536 1902 1615 sanationem

545 1682 628 1766 que
654 1672 849 1756 maturat3
878 1682 984 1763 aeger
1014 1656 1122 1735 euris
1150 1652 1324 1758 medici,
1352 1653 1406 1736 de
1427 1656 1541 1765 eujus
1562 1655 1793 1737 eruditione
1818 1677 1918 1733 con·

545 1778 676 1863 rietus
706 1796 767 1861 est
794 1796 837 1862 et
856 1788 1077 1891 potestate,
1099 1804 1187 1859 sese
1213 1780 1484 1881 committens,
1504 1778 1688 1876 religiose
1712 1777 1822 1853 illius
1849 1798 1916 1855 se·

544 1901 686 2011 quitur
709 1900 915 2006 mandata,
943 1902 1193 2010 presentiam
1219 1900 1309 2003 ejus
1335 1896 1498 2002 excepit
1519 1891 1745 1999 flagitanter
1765 1909 1808 1972 et
1837 1894 1919 1972 sibi

544 2020 772 2105 levamento
801 2048 909 2122 esse,
938 2035 1083 2099 censet.
1110 2014 1296 2099 Medicus
1323 2017 1398 2098 istc
1424 2014 1477 2097 ad
1504 2012 1779 2124 profligandos
1805 2036 1919 2095 mor·

543 2141 640 2242 bos,
660 2142 880 2249 presertim
907 2168 977 2223 eos
1002 2142 1075 2252 qui
1101 2168 1125 2221 a
1150 2154 1365 2247 systemate
1393 2164 1569 2217 nervoso
1599 2136 1800 2247 pendent,
1824 2135 1919 2243 plus

544 2261 697 2349 valebit
722 2263 1024 2369 indubitanter,
1051 2291 1174 2375 quam
1203 2261 1272 2343 ille
1301 2262 1368 2343 cui
1399 2258 1600 2342 fidueiam:
1621 2286 1707 2341 non
1739 2257 1921 2368 adjungit

548 2400 771 2491 aegrotans,
803 2405 844 2468 et
878 2390 950 2499 qui
983 2386 1231 2469 ‘necessitatis
1260 2383 1387 2465 solius
1422 2410 1540 2463 eausa
1577 2384 1789 2463 arcessitur
1826 2398 1917 2483 est,
2043 2430 2047 2435 -

386 2604 391 2615 ,
545 2536 793 2621 quamquam
832 2508 1061 2591 eruditione
1091 2512 1174 2589 sint
1206 2505 1380 2617 aequales
1412 2506 1546 2587 ambo.
1581 2506 1728 2585 Nonne
1764 2521 1914 2609 agyrtae

545 2648 669 2735 agunt
694 2630 772 2711 hoc
793 2630 936 2733 modo,
964 2628 1008 2709 id
1032 2646 1111 2731 est,
1140 2655 1271 2741 spem,
1285 2644 1337 2723 et,
1349 2624 1551 2714 fiduciam.
1568 2624 1768 2697 dameam
1786 2626 1912 2701 inuu-

545 2747 680 2833 dendo
704 2750 860 2826 stolidis
885 2748 1024 2845 aegris?
1043 2748 1191 2819 Nonne
1216 2736 1293 2817 hac
1317 2736 1463 2843 agendi
1483 2738 1663 2840 ratione,
1685 2735 1915 2823 remedium

546 2892 702 2971 unum,
722 2863 901 2973 mysticis
915 2860 1156 2944 ceremoniis
1172 2886 1220 2941 ac
1234 2859 1521 2969 superstitione
1536 2860 1748 2968 stipatum,
1766 2862 1918 2973 repulit

546 2987 713 3076 morbos
744 2987 817 3099 qui
844 2986 920 3067 toti
942 2980 1245 3095 pharmacopoli
1271 2979 1443 3078 officinas
1468 2983 1729 3065 restiterant?

599 3210 806 3299 Gaudium
825 3219 870 3297 in
891 3217 1048 3300 morbis
1065 3216 1237 3328 penitile
1261 3218 1381 3297 etiam
1398 3232 1469 3297 est.
1487 3216 1645 3313 Animae
1663 3214 1915 3325 voluptatem

545 3336 676 3419 adfert
692 3366 897 3449 magnam,
914 3358 956 3423 et
968 3339 1045 3421 sub
1064 3340 1142 3426 hoc
1158 3368 1224 3423 res
1240 3340 1430 3422 meliores
1447 3367 1490 3421 sc
1509 3339 1682 3443 habent,
1696 3336 1790 3436 ideo
1802 3342 1918 3449 peri·

544 3460 676 3541 clitari
695 3460 797 3569 illud
816 3462 1035 3569 debemus,
1054 3479 1094 3544 et
1112 3490 1163 3545 eo
1176 3465 1327 3571 tnagis,
1345 3461 1609 3573 quodmorbi
1624 3464 1782 3573 primus
1797 3459 1917 3544 effec-

545 3596 611 3662 tus
637 3599 698 3665 est
717 3584 889 3693 ingratas
906 3586 1191 3696 impressiones
1216 3586 1514 3689 transmittendi
1540 3585 1593 3667 ad
1612 3588 1804 3689 animam,
1821 3584 1915 3693 qui·

510 3762 516 3769 -
545 3700 624 3783 bus
651 3706 753 3787 mala
779 3724 977 3815 augentur
1002 3711 1221 3820 praesentia.
1246 3709 1455 3791 Gaudium
1472 3712 1578 3792 vires
1603 3710 1745 3791 vitales
1765 3703 1914 3804 evehit,

545 3850 622 3935 pro
656 3822 734 3907 leri
765 3828 906 3907 haberi
934 3849 1070 3935 potest
1099 3833 1264 3916 stimulo
1300 3835 1344 3917 in
1371 3834 1524 3914 morbis
1551 3832 1751 3912 chronicis
1777 3822 1913 3903 asthe-

545 3945 668 4047 nicis,
686 3966 726 4028 ct
745 3946 993 4061 ubicumque
1018 3956 1242 4061 quassanda
1264 3974 1324 4039 est
1344 3955 1491 4039 blande
1510 3952 1696 4053 machina
1716 3946 1911 4029 animalis.

546 4063 715 4151 Creatur
727 4070 891 4154 allectus
908 4070 997 4173 ille,
1017 4071 1117 4165 dum
1130 4074 1444 4183 suppeditantur
1462 4096 1569 4177 agro
1588 4096 1636 4165 ea
1657 4095 1747 4179 quae
1766 4068 1915 4168 arden-

545 4204 608 4293 ter
638 4193 790 4301 appetit
816 4205 858 4274 et
886 4194 1059 4275 innocua
1083 4210 1217 4275 tamen
1243 4210 1350 4275 sunt
1379 4194 1468 4302 Ipse
1497 4190 1680 4273 medicus
1705 4192 1917 4297 aegrotanti
1982 4214 1986 4219 ’

547 4310 731 4421 exemplo
753 4342 837 4395 esse
859 4314 1000 4419 debet,
1020 4317 1158 4399 hilaris
1179 4314 1331 4398 scilieet
1357 4317 1435 4407 erit
1452 4317 1597 4421 animi,
1620 4330 1661 4396 et
1683 4338 1915 4395 sermonem

546 4430 680 4539 mmm
712 4462 805 4517 cum
831 4466 882 4519 eo
904 4436 1078 4547 babebit
1099 4439 1296 4535 Caveatur
1318 4466 1487 4550 prorsus
1513 4469 1536 4523 a
1563 4436 1713 4549 gaudio
1741 4437 1912 4547 inopino
