4517 5867
613 642 856 714 ursaonsto
880 642 943 711 AD
965 640 1134 729 QUAEST.
1159 639 1297 709 JUlllD.
1564 660 1626 707 ror

276 857 315 917 et
353 834 566 919 concordia
597 840 747 921 civium
774 838 1015 921 turbaretur.
1048 837 1269 920 Videamus
1298 846 1407 918 n'unc
1444 833 1545 946 quid
1581 838 1633 915 sit

274 957 439 1065 singula.

326 1169 444 1249 Actio
454 1178 697 1279 possessoria
710 1176 875 1253 nomine
885 1175 1184 1251 manutenentia
1200 1173 1252 1279 (la
1265 1169 1522 1278 complainte)
1533 1166 1633 1247 defi·
1722 1184 1733 1211 ·

273 1292 386 1371 nitur
411 1293 530 1394 actio,
560 1320 634 1401 per
654 1322 777 1405 quam
799 1297 973 1403 petimus
991 1322 1012 1373 a
1033 1293 1189 1400 judice,
1209 1310 1257 1373 ut
1282 1306 1491 1372 conservet
1516 1288 1635 1367 nobis

273 1417 564 1520 possessionem
585 1416 700 1495 fundi
721 1417 785 1496 vel
803 1416 904 1525 juris
926 1416 1063 1517 realis,
1081 1420 1124 1496 in
1149 1417 1230 1525 quai
1251 1414 1483 1516 turbamur,
1504 1427 1544 1490 et
1558 1411 1635 1489 im·

274 1552 398 1640 ponat
430 1535 565 1637 alteri,
598 1537 650 1615 ab
688 1541 799 1619 omni
836 1539 1140 1647 perturbatione
1171 1538 1385 1643 desistere,
1421 1533 1638 1643 respondet

275 1658 408 1768 itaque
427 1658 643 1740 interdicto
661 1662 769 1741 luris
788 1663 958 1742 Romani
977 1663 1036 1741 uti
1054 1660 1277 1767 possidetis.

328 1869 443 1946 Actio
455 1894 552 1946 vero
568 1872 826 1976 possessoria,
837 1896 928 1979 quae
940 1886 1108 1975 vocatur
1122 1868 1405 1974 redintegratio
1423 1866 1474 1974 (la
1488 1865 1637 1945 rdinte-

276 1986 472 2093 grande),
496 1987 688 2069 definitur
721 1994 852 2088 actio,
876 2019 1000 2099 quam
1018 1990 1268 2095 possessione
1298 1986 1415 2066 fundi
1449 1987 1513 2066 vel
1537 1986 1637 2092 juris

276 2109 393 2188 realis
413 2107 555 2217 dejecti
576 2109 825 2189 intendimus
846 2126 985 2188 contra
1005 2108 1266 2215 dejectorem,
1289 2126 1336 2188 ut
1360 2106 1544 2188 restituat
1563 2133 1639 2185 no·

276 2228 340 2306 bis
361 2231 671 2337 possessionem,
695 2234 776 2341 qual
795 2259 870 2311 nos
890 2233 931 2311 vi
949 2230 1110 2337 dejecit,
1132 2228 1351 2338 respondet
1368 2232 1493 2335 igitur
1512 2232 1639 2308 inter-

255 2364 257 2369 '
277 2348 385 2453 dicto
403 2352 512 2431 luris
531 2344 703 2431 Romani
721 2350 831 2431 unde
852 2352 893 2429 vi
918 2350 980 2430 vel
1002 2350 1052 2430 de
1067 2351 1118 2432 vi.

300 2672 302 2677 ,
331 2559 600 2664 Quandonam
611 2562 705 2662 haec,
722 2560 983 2673 quandonam
998 2562 1064 2641 illa
1075 2530 1253 2641 vindicet
1266 2562 1344 2641 sibi
1358 2560 1512 2662 locum,
1531 2577 1640 2667 patet

276 2684 356 2789 jam
377 2712 426 2763 ex
448 2682 704 2781 definitioue3
727 2703 824 2765 tunc
848 2686 1000 2765 scilicet
1020 2682 1142 2764 habet
1162 2682 1298 2763 locum
1317 2684 1639 2777 manutenentia,

281 2802 379 2879 dum
403 2806 495 2911 quis
522 2807 565 2882 in
590 2807 838 2912 possessione
868 2807 939 2883 sub
965 2806 1176 2894 turbatur,
1201 2824 1242 2872 aa
1270 2834 1364 2871 cum
1390 2803 1640 2901 perturbatio

280 2924 540 3025 possessionis
574 2924 723 3023 duplex
747 2928 818 3017 sit,
850 2922 941 3001 facti
972 2915 1035 2998 vel
1062 2916 1192 3023 juris,
1217 2914 1423 2995 videamus
1456 2916 1558 3025 quid
1588 2921 1640 2999 sit

280 3039 446 3147 singula.

334 3252 584 3336 Perturbatio
609 3254 702 3335 'sacti
729 3272 810 3358 est,
832 3256 996 3364 quando
1024 3258 1088 3336 vid
1111 3258 1204 3339 sacti
1229 3262 1325 3366 (par
1348 3255 1439 3338 voie
1468 3258 1518 3337 de
1545 3257 1640 3359 fait)

281 3377 546 3487 impedimur,
567 3380 784 3489 quominus
805 3373 859 3457 re'
873 3380 1009 3458 nostra
1027 3378 1223 3482 fruamur,
1243 3405 1280 3458 v.
1300 3408 1336 3485 g.
1355 3406 1449 3455 cum
1469 3380 1521 3454 sit
1540 3375 1641 3455 mihi

279 3498 344 3605 jus
373 3500 496 3579 eundi
531 3526 604 3607 per
638 3517 755 3581 tuum
784 3494 967 3579 fundum·
987 3499 1089 3581 fodis
1123 3502 1298 3598 fossam,
1332 3523 1422 3607 quae
1452 3513 1512 3574 est
1541 3497 1641 3574 mihi

282 3618 555 3719 obstaculum,
578 3621 798 3732 quominus
821 3621 911 3730 jure
944 3650 1036 3701 meo
1066 3620 1189 3701 eundi
1219 3648 1293 3728 per
1320 3636 1437 3697 tuum
1468 3616 1641 3701 fundum

281 3756 393 3835 utar;
423 3758 586 3821 econtra
615 3743 866 3850 perturbatio
887 3744 987 3851 juris
1008 3760 1090 3839 est,
1124 3740 1286 3849 quando
1320 3740 1385 3818 viai
1412 3738 1514 3847 juris
1541 3741 1644 3844 (par

281 3862 373 3941 voie
399 3861 449 3942 de
477 3860 607 3965 droit)
630 3863 876 3957 calumniose
898 3864 1165 3970 impedimur,
1192 3862 1411 3970 quominus
1435 3888 1480 3941 re
1507 3861 1643 3940 nostrd

283 3982 478 4085 fruamur,
494 4011 533 4065 v.
552 4011 586 4090 g.
604 3982 703 4063 dum
721 3987 812 4095 quis
830 4012 971 4065 manus
990 3988 1033 4064 in
1051 3985 1159 4065 bona
1179 3981 1475 4091 nostrainjiciat
1488 3981 1643 4093 (quand

284 4104 504 4213 quelqu’un
524 4102 593 4180 fait
614 4104 652 4180 la
674 4106 787 4181 saisie
812 4105 862 4182 de
883 4131 957 4205 nos
983 4104 1140 4208 biens),
1161 4133 1242 4216 quo
1265 4104 1311 4184 fit
1330 4106 1449 4185 nobis
1468 4101 1641 4209 impedi-

284 4243 443 4327 mento,
461 4224 678 4333 quominus
695 4223 846 4303 fructus
867 4252 916 4303 ex
935 4251 979 4303 re
998 4228 1134 4307 nostrai
1147 4230 1420 4337 percipiamus.
1443 4226 1641 4305 Caeterum
1710 4220 1713 4226 ’

284 4366 417 4427 tamen
433 4346 535 4425 nihil
549 4349 728 4442 interest,
745 4362 884 4425 utrum
894 4348 1146 4453 perturbatio
1161 4351 1213 4431 sit
1223 4349 1312 4431 facti
1326 4349 1388 4431 vel
1398 4348 1516 4457 juris,
1534 4363 1640 4429 utra·

284 4498 365 4579 que
386 4468 453 4551 dat
472 4468 606 4549 locum
625 4468 943 4548 manutenentiae.
