4517 5867
667 663 673 677 ’
764 667 1100 739 DISSERTATIO
1125 666 1329 735 MEDICA.
1688 657 1738 731 53

369 853 524 941 tionem
555 865 679 960 ponat
701 867 748 931 ‘et
781 848 915 931 foveat
941 830 1111 946 alicubi,
1139 848 1296 960 quoin
1326 873 1421 927 casu
1449 841 1558 925 haud
1591 868 1735 950 parum

367 1002 514 1056 nocere
543 991 715 1083 possent.
1628 976 1633 987 '

432 1186 488 1266 Ut
514 1185 692 1267 faveatur
720 1212 825 1266 curae
850 1185 972 1263 animi
1002 1182 1241 1278 affectuum,
1268 1178 1501 1261 affectiones
1525 1175 1734 1256 dimoven-

369 1309 442 1388 dae'
457 1326 552 1389 sunt
569 1338 659 1420 quae
679 1310 776 1390 istos
799 1310 961 1413 gignere
981 1321 1050 1387 tut
1072 1307 1178 1385 alere
1195 1321 1375 1413 possunt.
1399 1304 1441 1381 Si
1461 1299 1573 1381 adest
1590 1299 1734 1379 exalta-

367 1435 426 1509 tio
454 1434 675 1539 systematis
706 1431 865 1521 biliosi,
891 1426 1101 1532 dispositio
1131 1424 1205 1501 ista
1239 1424 1291 1505 ad
1321 1423 1541 1503 irascibiles
1569 1420 1737 1502 affectus

369 1552 579 1661 adaequato
595 1540 804 1654 'regimine
818 1546 1003 1645 tollatur,
1022 1563 1063 1626 et
1081 1544 1133 1624 ab
1155 1546 1265 1623 omni
1283 1541 1446 1623 stimulo
1469 1560 1664 1622 caveatur.
1693 1542 1736 1621 Si

369 1673 573 1753 mobilitas
594 1698 815 1754 nervorum
835 1668 1025 1749 notabilis
1050 1686 1110 1747 est
1133 1665 1373 1770 admodum,
1399 1663 1512 1779 quod
1539 1664 1738 1769 contingit

370 1794 480 1899 apud
508 1795 723 1899 hystoricus
756 1796 798 1873 in
827 1792 976 1903 quihus
1002 1808 1126 1872 stanas
1150 1792 1340 1900 physicus
1368 1807 1489 1901 atquc
1509 1786 1673 1867 moralis
1693 1788 1737 1865 in

369 1936 412 1992 se
439 1911 612 2019 invicem
630 1924 817 2016 reagunt,
839 1916 930 1986 hac
944 1914 1097 2003 balneis
1119 1911 1292 2018 frigidis,
1310 1910 1586 2008 frictionibus,
1607 1926 1649 1988 et
1665 1936 1736 1987 an-

369 2030 663 2139 tispasmodicis
693 2031 917 2140 pharmacis
961 2030 1235 2138 impugnanda
1274 2051 1343 2109 est.
1383 2031 1568 2129 Quando.
1605 2030 1740 2111 existit

372 2155 542 2258 irritatio
561 2155 604 2231 in
623 2182 772 2260 organo
788 2151 1139 2266 aliquo,vellaesio
1154 2151 1319 2259 hujusce
1332 2148 1569 2248 functionis,
1590 2152 1739 2259 quibus
1866 2222 1869 2227 .

373 2276 538 2357 aldntur
556 2277 688 2393 animi
699 2276 946 2385 pathemata,
958 2276 1019 2355 baa
1037 2272 1285 2389 debellanda)
1301 2291 1416 2375 sunt,
1436 2290 1477 2353 et
1494 2271 1654 2352 illarum
1663 2300 1727 2351 res

298 2448 302 2457 ·
373 2401 562 2481 titutione
582 2399 627 2477 in
654 2416 802 2479 statum
822 2397 1067 2503 normalem,
1087 2398 1210 2478 etiam
1237 2413 1472 2479 evanescent
1490 2396 1586 2475 haec.

427 2614 522 2692 Post
556 2639 758 2694 aceessum
793 2612 915 2690 animi
951 2611 1225 2719 pathematum
1254 2590 1400 2690 sanitas
1428 2609 1520 2719 plus
1555 2608 1739 2689 minusve

295 2744 298 2751 '
374 2729 557 2829 laeditur,
581 2728 779 2836 imprimis
799 2743 892 2835 post
908 2734 1007 2807 iram
1028 2752 1070 2806 et
1087 2750 1295 2806 terrorem.
1313 2733 1449 2805 Primo
1474 2735 1518 2807 in
1542 2758 1658 2831 casu,
1683 2729 1738 2809 ob

376 2850 577 2931 fervorem
595 2880 640 2930 ac
660 2852 857 2959 impetum
875 2851 1100 2955 sanguinis,
1124 2849 1301 2930 remedia
1324 2849 1430 2929 lenia
1447 2865 1488 2929 et
1505 2847 1738 2929 demulcen—

376 2973 431 3052 tia
459 2972 722 3081 postulantur.
752 2972 793 3053 Si
818 2974 1021 3077 sanguinis
1045 3000 1189 3079 gyms,
1204 2973 1285 3081 jam
1302 2971 1438 3053 sedato
1465 2989 1563 3052 aestu
1580 2974 1668 3076 iras,
1689 2973 1740 3054 ad

378 3094 614 3200 rhythmum
635 3091 860 3177 naturalem
875 3124 959 3176 non
974 3098 1199 3203 perveniat,
1208 3112 1249 3175 et
1260 3095 1539 3206 palpitationes
1552 3094 1685 3175 cordis
1698 3097 1744 3174 in

378 3217 468 3297 luce
487 3234 603 3316 sunt,
630 3235 718 3297 tum
735 3248 878 3317 venam
902 3219 1075 3302 tamdere
1099 3217 1325 3329 prudentiae
1343 3236 1656 3299 consentaneum
1672 3236 1741 3298 est

378 3340 473 3418 Post
483 3357 680 3420 terrorem
693 3341 1035 3425 vehementiorem
1043 3370 1128 3423 non
1140 3345 1225 3424 sine
1236 3342 1369 3422 fructu
1377 3341 1620 3422 adhibentur
1629 3340 1743 3420 ether

379 3460 615 3561 sulfuricus,
645 3465 785 3571 opium
816 3483 856 3546 et
886 3468 1038 3561 similia.
1063 3466 1149 3547 Sub
1182 3492 1355 3544 moerore
1386 3491 1530 3569 magno
1551 3461 1743 3543 conducit

382 3586 564 3693 apprime
584 3601 704 3692 potus
718 3586 867 3665 multus
883 3588 1157 3691 subacidulus,
1172 3615 1274 3698 aqua
1291 3585 1573 3691 frigidiuscula.
1592 3588 1641 3665 ln
1659 3586 1743 3663 uni·

379 3734 558 3810 ¹versum,
581 3736 604 3785 a
625 3706 890 3787 medicatione
911 3711 1109 3812 uiolenta,
1128 3713 1321 3810 emetiris,
1339 3710 1605 3817 purgantibus
1622 3709 1743 3788 absti-

382 3832 470 3906 neri
490 3846 659 3937 oportet.
673 3831 825 3935 Regula
834 3830 918 3911 baec
931 3836 1095 3913 minime
1111 3852 1172 3914 est
1192 3832 1450 3940 negligenda,
1469 3831 1632 3944 quando
1650 3831 1743 3910 alias

384 3976 507 4030 noxas
527 3952 571 4031 in
591 3979 760 4060 corpore
781 3952 1069 4066 derelinquunt
1087 3958 1209 4035 animi
1228 3954 1468 4062 pathemata,
1486 3982 1569 4065 quo
1593 3956 1635 4032 in
1654 3982 1745 4035 casu

382 4074 595 4149 methodus
620 4075 786 4153 curandi
814 4078 967 4153 institui
996 4078 1118 4153 debet
1143 4093 1295 4154 naturae
1322 4078 1497 4185 cujusvis
1525 4077 1743 4157 affectionis

383 4191 585 4274 adornata.
600 4194 647 4273 ln
664 4222 828 4301 genere,
839 4194 1052 4276 difficulter
1071 4214 1262 4276 sanantur
1279 4200 1344 4278 isti
1357 4200 1510 4299 morbi,
1530 4202 1624 4311 quia
1641 4228 1743 4311 saepe

265 4332 270 4341 '
383 4318 607 4425 pertinaces
636 4334 750 4420 sunt,
778 4318 965 4402 foventur
990 4318 1209 4431 aliquando
1235 4350 1258 4399 a
1285 4323 1468 4429 passione
1492 4340 1534 4404 et
1560 4353 1661 4436 saepe
1679 4353 1742 4403 re·

385 4439 635 4523 crudescunt

346 4684 347 4687 γ
455 4610 531 4699 'ut
954 4638 1173 4707 tantun.
1558 4642 1614 4706 a·
