4517 5867
306 624 1669 663 mmmmm-mmmmmmmmmmmwmfflmmmnw

518 811 522 819 ’
659 838 886 947 staur
921 813 1322 943 SECUNDUM.

590 1160 672 1261 De
709 1155 1037 1299 acquisitione
1056 1154 1384 1296 possessiones.

796 1506 987 1590 SECTIO
1004 1507 1176 1588 PRIMA

437 1770 548 1881 Quid
566 1768 627 1851 ad
644 1770 931 1879 acquirendam
942 1773 1226 1881 possessionem
1246 1717 1508 1878 requiratur

334 2068 459 2179 ·Cum
480 2073 692 2175 acquisitio
705 2070 974 2171 'possessionis
995 2054 1111 2171 ju'stae
1138 2071 1221 2148 sire
1242 2070 1398 2170 injustae
1417 2070 1606 2148 consistat
1624 2071 1668 2147 in

303 2184 624 2293 apprehensione
653 2182 712 2263 rei
743 2212 837 2263 eum
862 2184 997 2263 animo
1027 2184 1105 2262 sibi
1126 2181 1319 2286 habendi,
1348 2187 1594 2294 requiritur,
1623 2205 1669 2270 ut

304 2331 392 2399 eam
432 2305 701 2415 acquiramus,
723 2330 870 2412 corpus
897 2322 938 2383 et
965 2305 1137 2403 animus,
1173 2304 1218 2383 id
1246 2322 1324 2401 est,
1350 2307 1568 2413 corporalis
1597 2338 1669 2417 ap·

303 2425 518 2532 prehensio
541 2452 633 2507 cum
652 2426 787 2505 animo
804 2427 882 2506 sibi
903 2424 1080 2506 habendi
1089 2428 1131 2504 L.
1154 2430 1226 2526 1,§
1243 2424 1284 2529 3,
1299 2428 1341 2504 1.
1354 2425 1401 2531 3,
1417 2431 1443 2527 §
1467 2456 1503 2532 1,
1520 2428 1607 2522 L.,8
1629 2430 1669 2510 ffi

301 2546 339 2625 h.
357 2564 382 2625 t.
402 2551 444 2627 L.
470 2546 542 2629 153
565 2546 604 2625 ff.
628 2546 678 2626 de
698 2548 742 2625 R.
766 2550 799 2626 J.
817 2546 880 2641 §5
900 2550 993 2627 Inst.
1016 2546 1067 2628 de
1090 2546 1235 2627 interd.
1257 2549 1396 2656 Itaque
1414 2576 1489 2628 nec
1513 2554 1670 2633 animus

300 2668 410 2748 solus
429 2666 479 2747 ad
500 2696 589 2745 eam
609 2667 896 2775 acquirendam
921 2667 1088 2769 suffieit,
1109 2695 1184 2748 nec
1202 2668 1290 2747 solo
1318 2696 1488 2777 corpore
1514 2652 1668 2781 neduiri

302 2805 433 2897 potest
448 2816 458 2886 ;
476 2786 547 2869 sed
561 2802 785 2895 utrumque
802 2792 868 2864 hie
887 2807 1098 2865 concurrat
1110 2818 1215 2891 opus
1227 2808 1289 2872 est
1306 2808 1348 2871 et
1364 2794 1523 2872 animus
1540 2795 1672 2900 aequi·

303 2909 419 2991 rendi
438 2927 479 2991 et
500 2909 620 2991 simul
641 2926 752 2989 actus
769 2908 915 3017 aliquis
936 2906 1156 3014 corporalis
1174 2933 1223 2987 ex
1244 2904 1285 2997 d.
1303 2907 1348 2983 1.
1365 2906 1471 2986 Hinc
1490 2912 1562 3019 qui
1578 2911 1669 3018 jure

301 3031 575 3113 familiaritatis
599 3031 716 3111 amici
744 3019 918 3111 fundum
938 3029 1142 3133 ingressus
1162 3043 1237 3125 est,
1258 3054 1345 3107 non
1363 3027 1525 3109 videtur
1540 3037 1669 3140 possi.

302 3152 416 3258 dere,
443 3157 537 3264 quia
564 3180 647 3233 non
678 3180 727 3231 eo
759 3153 894 3232 animo
912 3152 1114 3255 ingressus
1144 3164 1222 3252 est,
1250 3165 1298 3231 ut
1326 3151 1547 3259 possideat,
1577 3154 1670 3238 lieet
1712 3204 1719 3215 ·

301 3300 471 3381 corpore
489 3275 533 3353 in
554 3271 683 3353 fundo
704 3274 757 3353 eit
774 3275 817 3350 L.
833 3272 881 3368 ἀι
901 3270 940 3349 ff.
959 3268 997 3348 h.
1016 3276 1049 3349 t.'
1066 3270 1173 3351 Hine
1191 3274 1378 3375 etiam‘is,
1398 3277 1468 3383 qui
1489 3277 1667 3382 ignorat,

299 3387 345 3475 in
369 3392 496 3479 fundo
524 3412 648 3504 quem
675 3392 873 3500 possidet,
895 3390 1151 3472 reconditum
1181 3420 1266 3471 esse
1287 3393 1539 3496 thesaurum,
1562 3424 1669 3475 eum·

302 3516 395 3598 dem
416 3538 500 3597 no‘n
529 3514 728 3624 possidet,
757 3542 850 3595 cum
882 3516 1087 3621 ignoranti
1115 3514 1252 3593 nullus
1279 3516 1332 3592 sit
1363 3538 1574 3594 concessus
1605 3522 1668 3597 sui

301 3640 458 3717 animus
476 3640 518 3718 L.
542 3636 594 3737 3,
612 3636 637 3730 §
655 3633 681 3716 3
702 3634 740 3713 ff.
760 3635 798 3713 h.
816 3652 843 3714 t.
865 3636 945 3715 Sed
961 3654 1001 3715 et
1015 3636 1199 3744 quamvis
1217 3636 1355 3729 sciret,
1371 3632 1603 3716 thesaurum
1624 3640 1668 3719 in

300 3785 374 3841 suo
402 3758 530 3848 fundo
560 3786 645 3840 esse
671 3756 893 3862 defossum,
914 3785 999 3837 non
1029 3758 1143 3864 prius
1173 3755 1467 3863 possessionem
1490 3755 1575 3866 ejus
1601 3788 1666 3840 ac-

302 3864 523 3989 duisiturus
534 3900 605 3988 est,
619 3909 845 3993 quameum
854 3880 948 3960 loco
961 3878 1134 3958 moverit
1144 3904 1194 3955 ex
1203 3874 1241 3955 d.
1255 3876 1297 3953 t.
1308 3871 1384 3980 3,§
1399 3873 1499 3984 3.(1)
1510 3880 1664 3991 Impro-

344 4098 391 4187 (ι)
413 4102 501 4167 Male
516 4120 549 4165 se
559 4102 682 4165 habere
696 4104 799 4195 Pseu
815 4104 905 4165 illam
924 4105 959 4164 in
975 4100 1034 4165 ista
1049 4098 1122 4190 lege
1138 4100 1158 4165 3
1176 4101 1383 4191 scripturam,
1397 4115 1485 4191 petet
1500 4122 1541 4167 ex
1555 4120 1665 4168 exem·

299 4201 364 4287 plis
386 4203 588 4289 postpositis
614 4218 648 4267 et
666 4204 825 4268 sententia
847 4204 962 4269 Sum
985 4204 1394 4293 oppositdatqueal’eulo
1418 4206 1550 4294 proban
1563 4224 1573 4283 3
1588 4200 1665 4267 ideo
1753 4275 1756 4280 ¹

300 4304 498 4369 medicinam
505 4305 623 4393 querit
631 4306 748 4373 Noonr
759 4307 852 4395 prol).
863 4307 898 4370 L.
910 4328 975 4386 n,e.
984 4306 1016 4388 6,
1026 4330 1058 4371 n.
1071 4312 1141 4385 det
1149 4319 1249 4397 putet,
1258 4309 1349 4396 prius
1361 4328 1473 4373 «non-
1485 4303 1665 4369 delendum
1689 4372 1693 4379 ,

299 4423 397 4495 atque
412 4408 587 4498 legendum
600 4432 609 4477 ε
623 4411 775 4481 Neratius
782 4426 814 4477 et
820 4410 978 4479 Proculus
988 4412 1060 4481 solo
1070 4413 1182 4479 animo
1190 4433 1286 4501 posse
1295 4433 1354 4478 nos
1360 4410 1530 4497 acquirere
1541 4430 1665 4499 posses

301 4531 441 4597 etonem,
454 4535 482 4580 u
498 4530 560 4583 etc.
577 4542 592 4575 ι
