<?xml version="1.0" encoding="UTF-8"?>
<!DOCTYPE html PUBLIC "-//W3C//DTD XHTML 1.0 Transitional//EN"
    "http://www.w3.org/TR/xhtml1/DTD/xhtml1-transitional.dtd">
<html xmlns="http://www.w3.org/1999/xhtml" xml:lang="en" lang="en">
 <head>
  <title>
</title>
<meta http-equiv="Content-Type" content="text/html;charset=utf-8" />
  <meta name='ocr-system' content='tesseract 3.04.00' />
  <meta name='ocr-capabilities' content='ocr_page ocr_carea ocr_par ocr_line ocrx_word'/>
</head>
<body>
  <div class='ocr_page' id='page_1' title='image "annalesacademia01goog_0110.png"; bbox 0 0 4517 5867; ppageno 0'>
   <div class='ocr_carea' id='block_1_1' title="bbox 608 495 1647 613">
    <p class='ocr_par' dir='ltr' id='par_1_1' title="bbox 608 495 1647 613">
     <span class='ocr_line' id='line_1_1' title="bbox 608 495 1647 613; baseline 0.004 -27"><span class='ocrx_word' id='word_1_1' title='bbox 608 525 655 613; x_wconf 68' lang='lat'><strong>34</strong></span> <span class='ocrx_word' id='word_1_2' title='bbox 1020 518 1207 592; x_wconf 74' lang='lat' dir='ltr'><strong>tonnus</strong></span> <span class='ocrx_word' id='word_1_3' title='bbox 1231 519 1452 590; x_wconf 76' lang='lat' dir='ltr'><strong>nnrrrsrn</strong></span> <span class='ocrx_word' id='word_1_4' title='bbox 1475 495 1647 590; x_wconf 77' lang='lat' dir='ltr'><strong>norre&#39;</strong></span> 
     </span>
    </p>
   </div>
   <div class='ocr_carea' id='block_1_2' title="bbox 583 723 1966 1332">
    <p class='ocr_par' dir='ltr' id='par_1_2' title="bbox 583 723 1966 1332">
     <span class='ocr_line' id='line_1_2' title="bbox 593 723 1966 840; baseline -0.004 -26"><span class='ocrx_word' id='word_1_5' title='bbox 593 728 767 814; x_wconf 88' lang='lat' dir='ltr'><strong>unienda</strong></span> <span class='ocrx_word' id='word_1_6' title='bbox 790 743 892 808; x_wconf 88' lang='lat' dir='ltr'><strong>sunt.</strong></span> <span class='ocrx_word' id='word_1_7' title='bbox 913 724 1033 828; x_wconf 89' lang='lat' dir='ltr'><strong>Quod</strong></span> <span class='ocrx_word' id='word_1_8' title='bbox 1055 723 1310 834; x_wconf 82' lang='lat' dir='ltr'><strong>de&#39;oxigenio</strong></span> <span class='ocrx_word' id='word_1_9' title='bbox 1330 741 1369 803; x_wconf 90' lang='lat' dir='ltr'><strong>et</strong></span> <span class='ocrx_word' id='word_1_10' title='bbox 1392 724 1659 834; x_wconf 81' lang='lat' dir='ltr'><strong>hydrogenio,</strong></span> <span class='ocrx_word' id='word_1_11' title='bbox 1682 726 1788 810; x_wconf 91' lang='lat' dir='ltr'><strong>idem</strong></span> <span class='ocrx_word' id='word_1_12' title='bbox 1805 753 1966 840; x_wconf 84' lang='lat' dir='ltr'><strong>quoque</strong></span> 
     </span>
     <span class='ocr_line' id='line_1_3' title="bbox 594 845 1963 956; baseline -0.004 -20"><span class='ocrx_word' id='word_1_13' title='bbox 594 857 645 936; x_wconf 91' lang='lat' dir='ltr'><strong>de</strong></span> <span class='ocrx_word' id='word_1_14' title='bbox 662 853 812 934; x_wconf 78' lang='lat' dir='ltr'><strong>caeteris</strong></span> <span class='ocrx_word' id='word_1_15' title='bbox 830 847 1015 930; x_wconf 91' lang='lat' dir='ltr'><strong>omnibus</strong></span> <span class='ocrx_word' id='word_1_16' title='bbox 1034 845 1266 956; x_wconf 76' lang='lat' dir='ltr'><strong>corporibus</strong></span> <span class='ocrx_word' id='word_1_17' title='bbox 1284 845 1628 946; x_wconf 71' lang='lat' dir='ltr'><strong>comburentibus,</strong></span> <span class='ocrx_word' id='word_1_18' title='bbox 1646 863 1734 931; x_wconf 92' lang='lat' dir='ltr'><strong>tum</strong></span> <span class='ocrx_word' id='word_1_19' title='bbox 1750 848 1963 948; x_wconf 87' lang='lat' dir='ltr'><strong>absolutis,</strong></span> 
     </span>
     <span class='ocr_line' id='line_1_4' title="bbox 592 968 1966 1070; baseline -0.002 -14"><span class='ocrx_word' id='word_1_20' title='bbox 592 1003 687 1065; x_wconf 73' lang='lat' dir='ltr'><strong>zum</strong></span> <span class='ocrx_word' id='word_1_21' title='bbox 701 972 873 1054; x_wconf 84' lang='lat' dir='ltr'><strong>relativis</strong></span> <span class='ocrx_word' id='word_1_22' title='bbox 887 969 1050 1050; x_wconf 84' lang='lat' dir='ltr'><strong>obtinet.</strong></span> <span class='ocrx_word' id='word_1_23' title='bbox 1068 971 1258 1062; x_wconf 81' lang='lat' dir='ltr'><strong>Praeterea</strong></span> <span class='ocrx_word' id='word_1_24' title='bbox 1271 968 1445 1048; x_wconf 87' lang='lat' dir='ltr'><strong>chemica</strong></span> <span class='ocrx_word' id='word_1_25' title='bbox 1458 983 1519 1048; x_wconf 88' lang='lat' dir='ltr'><strong>est</strong></span> <span class='ocrx_word' id='word_1_26' title='bbox 1534 969 1639 1049; x_wconf 81' lang='lat' dir='ltr'><strong>actio</strong></span> <span class='ocrx_word' id='word_1_27' title='bbox 1653 971 1966 1070; x_wconf 81' lang='lat' dir='ltr'><strong>columnae‚cum</strong></span> 
     </span>
     <span class='ocr_line' id='line_1_5' title="bbox 583 1089 1961 1198; baseline -0.004 -18"><span class='ocrx_word' id='word_1_28' title='bbox 583 1089 687 1180; x_wconf 78' lang='lat' dir='ltr'><strong>fiunt</strong></span> <span class='ocrx_word' id='word_1_29' title='bbox 708 1093 1018 1176; x_wconf 79' lang='lat' dir='ltr'><strong>combinationes</strong></span> <span class='ocrx_word' id='word_1_30' title='bbox 1028 1089 1179 1170; x_wconf 55' lang='lat' dir='ltr'><strong>xcaloris</strong></span> <span class='ocrx_word' id='word_1_31' title='bbox 1194 1090 1328 1171; x_wconf 79' lang='lat' dir='ltr'><strong>instar</strong></span> <span class='ocrx_word' id='word_1_32' title='bbox 1350 1107 1392 1169; x_wconf 90' lang='lat' dir='ltr'><strong>et</strong></span> <span class='ocrx_word' id='word_1_33' title='bbox 1402 1091 1574 1198; x_wconf 81' lang='lat' dir='ltr'><strong>propriso</strong></span> <span class='ocrx_word' id='word_1_34' title='bbox 1593 1091 1679 1197; x_wconf 84' lang='lat' dir='ltr'><strong>ejus</strong></span> <span class='ocrx_word' id='word_1_35' title='bbox 1696 1093 1876 1174; x_wconf 72' lang='lat' dir='ltr'><strong>scintillae</strong></span> <span class='ocrx_word' id='word_1_36' title='bbox 1892 1123 1961 1176; x_wconf 85' lang='lat' dir='ltr'><strong>ex-</strong></span> 
     </span>
     <span class='ocr_line' id='line_1_6' title="bbox 585 1213 1963 1332; baseline -0.005 -30"><span class='ocrx_word' id='word_1_37' title='bbox 585 1223 774 1332; x_wconf 79' lang='lat' dir='ltr'><strong>plosione.</strong></span> <span class='ocrx_word' id='word_1_38' title='bbox 799 1215 902 1298; x_wconf 92' lang='lat' dir='ltr'><strong>Illud</strong></span> <span class='ocrx_word' id='word_1_39' title='bbox 924 1213 1057 1295; x_wconf 82' lang='lat' dir='ltr'><strong>autern</strong></span> <span class='ocrx_word' id='word_1_40' title='bbox 1079 1213 1248 1294; x_wconf 85' lang='lat' dir='ltr'><strong>nonnisi</strong></span> <span class='ocrx_word' id='word_1_41' title='bbox 1270 1213 1313 1293; x_wconf 93' lang='lat' dir='ltr'><strong>in</strong></span> <span class='ocrx_word' id='word_1_42' title='bbox 1338 1213 1578 1322; x_wconf 81' lang='lat' dir='ltr'><strong>explosionis</strong></span> <span class='ocrx_word' id='word_1_43' title='bbox 1599 1214 1789 1297; x_wconf 81' lang='lat' dir='ltr'><strong>distantia</strong></span> <span class='ocrx_word' id='word_1_44' title='bbox 1812 1215 1963 1314; x_wconf 86' lang='lat' dir='ltr'><strong>oritur,</strong></span> 
     </span>
    </p>
   </div>
   <div class='ocr_carea' id='block_1_3' title="bbox 439 1335 1963 1450">
    <p class='ocr_par' dir='ltr' id='par_1_3' title="bbox 439 1335 1963 1450">
     <span class='ocr_line' id='line_1_7' title="bbox 439 1335 1963 1450; baseline -0.003 -27"><span class='ocrx_word' id='word_1_45' title='bbox 439 1401 442 1408; x_wconf 61' lang='grc'><strong><em>«</em></strong></span> <span class='ocrx_word' id='word_1_46' title='bbox 560 1381 563 1398; x_wconf 87' lang='lat'><strong>·</strong></span> <span class='ocrx_word' id='word_1_47' title='bbox 587 1361 631 1423; x_wconf 87' lang='lat' dir='ltr'><strong>et</strong></span> <span class='ocrx_word' id='word_1_48' title='bbox 656 1345 700 1422; x_wconf 90' lang='lat' dir='ltr'><strong>in</strong></span> <span class='ocrx_word' id='word_1_49' title='bbox 726 1370 773 1422; x_wconf 90' lang='lat' dir='ltr'><strong>eo</strong></span> <span class='ocrx_word' id='word_1_50' title='bbox 800 1356 949 1450; x_wconf 90' lang='lat' dir='ltr'><strong>puncto</strong></span> <span class='ocrx_word' id='word_1_51' title='bbox 977 1336 1085 1446; x_wconf 90' lang='lat' dir='ltr'><strong>quod</strong></span> <span class='ocrx_word' id='word_1_52' title='bbox 1111 1335 1212 1416; x_wconf 88' lang='lat' dir='ltr'><strong>duos</strong></span> <span class='ocrx_word' id='word_1_53' title='bbox 1239 1338 1343 1418; x_wconf 86' lang='lat' dir='ltr'><strong>inter</strong></span> <span class='ocrx_word' id='word_1_54' title='bbox 1370 1337 1482 1448; x_wconf 91' lang='lat' dir='ltr'><strong>polos</strong></span> <span class='ocrx_word' id='word_1_55' title='bbox 1508 1338 1629 1445; x_wconf 81' lang='lat' dir='ltr'><strong>jacet,</strong></span> <span class='ocrx_word' id='word_1_56' title='bbox 1655 1336 1725 1418; x_wconf 91' lang='lat' dir='ltr'><strong>ubi</strong></span> <span class='ocrx_word' id='word_1_57' title='bbox 1751 1337 1963 1448; x_wconf 88' lang='lat' dir='ltr'><strong>decompo-</strong></span> 
     </span>
    </p>
   </div>
   <div class='ocr_carea' id='block_1_4' title="bbox 584 1458 1961 1820">
    <p class='ocr_par' dir='ltr' id='par_1_4' title="bbox 584 1458 1961 1820">
     <span class='ocr_line' id='line_1_8' title="bbox 584 1458 1961 1574; baseline -0.003 -28"><span class='ocrx_word' id='word_1_58' title='bbox 584 1483 739 1570; x_wconf 37' lang='lat' dir='ltr'><strong>,nuntur</strong></span> <span class='ocrx_word' id='word_1_59' title='bbox 756 1490 932 1574; x_wconf 88' lang='lat' dir='ltr'><strong>corpora.</strong></span> <span class='ocrx_word' id='word_1_60' title='bbox 952 1463 1082 1568; x_wconf 84' lang='lat' dir='ltr'><strong>Atque</strong></span> <span class='ocrx_word' id='word_1_61' title='bbox 1107 1459 1302 1540; x_wconf 79' lang='lat' dir='ltr'><strong>columnae</strong></span> <span class='ocrx_word' id='word_1_62' title='bbox 1319 1458 1421 1538; x_wconf 89' lang='lat' dir='ltr'><strong>actio</strong></span> <span class='ocrx_word' id='word_1_63' title='bbox 1444 1460 1570 1542; x_wconf 88' lang='lat' dir='ltr'><strong>multo</strong></span> <span class='ocrx_word' id='word_1_64' title='bbox 1591 1460 1783 1541; x_wconf 90' lang='lat' dir='ltr'><strong>intensior</strong></span> <span class='ocrx_word' id='word_1_65' title='bbox 1807 1476 1847 1540; x_wconf 90' lang='lat' dir='ltr'><strong>et</strong></span> <span class='ocrx_word' id='word_1_66' title='bbox 1870 1461 1961 1542; x_wconf 90' lang='lat' dir='ltr'><strong>diu-</strong></span> 
     </span>
     <span class='ocr_line' id='line_1_9' title="bbox 587 1581 1958 1693; baseline -0.005 -23"><span class='ocrx_word' id='word_1_67' title='bbox 587 1587 745 1670; x_wconf 87' lang='lat' dir='ltr'><strong>turnior</strong></span> <span class='ocrx_word' id='word_1_68' title='bbox 767 1586 890 1685; x_wconf 82' lang='lat' dir='ltr'><strong>foret,</strong></span> <span class='ocrx_word' id='word_1_69' title='bbox 915 1581 951 1666; x_wconf 90' lang='lat' dir='ltr'><strong>si</strong></span> <span class='ocrx_word' id='word_1_70' title='bbox 974 1612 1066 1665; x_wconf 91' lang='lat' dir='ltr'><strong>cum</strong></span> <span class='ocrx_word' id='word_1_71' title='bbox 1090 1611 1236 1692; x_wconf 87' lang='lat' dir='ltr'><strong>corpus</strong></span> <span class='ocrx_word' id='word_1_72' title='bbox 1263 1581 1533 1692; x_wconf 87' lang='lat' dir='ltr'><strong>decomponit‚</strong></span> <span class='ocrx_word' id='word_1_73' title='bbox 1556 1600 1645 1663; x_wconf 84' lang='lat' dir='ltr'><strong>tum</strong></span> <span class='ocrx_word' id='word_1_74' title='bbox 1668 1583 1789 1664; x_wconf 91' lang='lat' dir='ltr'><strong>simul</strong></span> <span class='ocrx_word' id='word_1_75' title='bbox 1812 1611 1958 1693; x_wconf 85' lang='lat' dir='ltr'><strong>aquarn</strong></span> 
     </span>
     <span class='ocr_line' id='line_1_10' title="bbox 587 1696 1961 1820; baseline -0.004 -30"><span class='ocrx_word' id='word_1_76' title='bbox 587 1710 913 1818; x_wconf 87' lang='lat' dir='ltr'><strong>decomponeret;</strong></span> <span class='ocrx_word' id='word_1_77' title='bbox 940 1705 1046 1812; x_wconf 84' lang='lat' dir='ltr'><strong>unde</strong></span> <span class='ocrx_word' id='word_1_78' title='bbox 1078 1705 1278 1820; x_wconf 80' lang='lat' dir='ltr'><strong>accrescit¹</strong></span> <span class='ocrx_word' id='word_1_79' title='bbox 1296 1705 1443 1787; x_wconf 87' lang='lat' dir='ltr'><strong>sublati</strong></span> <span class='ocrx_word' id='word_1_80' title='bbox 1474 1696 1602 1788; x_wconf 80' lang='lat' dir='ltr'><strong>fluidi‘</strong></span> <span class='ocrx_word' id='word_1_81' title='bbox 1612 1705 1823 1814; x_wconf 85' lang='lat' dir='ltr'><strong>quantitas.</strong></span> <span class='ocrx_word' id='word_1_82' title='bbox 1856 1703 1961 1784; x_wconf 90' lang='lat' dir='ltr'><strong>Illud</strong></span> 
     </span>
    </p>
   </div>
   <div class='ocr_carea' id='block_1_5' title="bbox 584 1825 2040 1940">
    <p class='ocr_par' dir='ltr' id='par_1_5' title="bbox 584 1825 2040 1940">
     <span class='ocr_line' id='line_1_11' title="bbox 584 1825 2040 1940; baseline -0.006 -28"><span class='ocrx_word' id='word_1_83' title='bbox 584 1859 682 1912; x_wconf 84' lang='lat' dir='ltr'><strong>sane</strong></span> <span class='ocrx_word' id='word_1_84' title='bbox 709 1831 857 1912; x_wconf 89' lang='lat' dir='ltr'><strong>mirum</strong></span> <span class='ocrx_word' id='word_1_85' title='bbox 890 1849 952 1914; x_wconf 87' lang='lat' dir='ltr'><strong>est</strong></span> <span class='ocrx_word' id='word_1_86' title='bbox 981 1859 1126 1940; x_wconf 88' lang='lat' dir='ltr'><strong>aquam</strong></span> <span class='ocrx_word' id='word_1_87' title='bbox 1155 1831 1212 1910; x_wconf 91' lang='lat' dir='ltr'><strong>ita</strong></span> <span class='ocrx_word' id='word_1_88' title='bbox 1251 1828 1485 1940; x_wconf 90' lang='lat' dir='ltr'><strong>decomponi</strong></span> <span class='ocrx_word' id='word_1_89' title='bbox 1520 1844 1655 1910; x_wconf 87' lang='lat' dir='ltr'><strong>exacta</strong></span> <span class='ocrx_word' id='word_1_90' title='bbox 1691 1825 1962 1936; x_wconf 87' lang='lat' dir='ltr'><strong>proportionis</strong></span> <span class='ocrx_word' id='word_1_91' title='bbox 2036 1923 2040 1932; x_wconf 11' lang='grc' dir='ltr'>ἱ</span> 
     </span>
    </p>
   </div>
   <div class='ocr_carea' id='block_1_6' title="bbox 579 1942 1963 2304">
    <p class='ocr_par' dir='ltr' id='par_1_6' title="bbox 579 1942 1963 2304">
     <span class='ocr_line' id='line_1_12' title="bbox 579 1942 1963 2060; baseline -0.005 -28"><span class='ocrx_word' id='word_1_92' title='bbox 579 1982 679 2033; x_wconf 74' lang='lat' dir='ltr'><strong>vcum</strong></span> <span class='ocrx_word' id='word_1_93' title='bbox 699 1951 904 2060; x_wconf 85' lang='lat' dir='ltr'><strong>disjunctis</strong></span> <span class='ocrx_word' id='word_1_94' title='bbox 931 1951 1134 2032; x_wconf 85' lang='lat' dir='ltr'><strong>elementis</strong></span> <span class='ocrx_word' id='word_1_95' title='bbox 1158 1942 1322 2032; x_wconf 76' lang='lat' dir='ltr'><strong>ratione.</strong></span> <span class='ocrx_word' id='word_1_96' title='bbox 1356 1954 1419 2031; x_wconf 82' lang='lat' dir='ltr'><strong>Ex</strong></span> <span class='ocrx_word' id='word_1_97' title='bbox 1440 1952 1587 2059; x_wconf 84' lang='lat' dir='ltr'><strong>quibus</strong></span> <span class='ocrx_word' id='word_1_98' title='bbox 1606 1950 1809 2031; x_wconf 87' lang='lat' dir='ltr'><strong>elementis</strong></span> <span class='ocrx_word' id='word_1_99' title='bbox 1831 1975 1963 2052; x_wconf 85' lang='lat' dir='ltr'><strong>unum</strong></span> 
     </span>
     <span class='ocr_line' id='line_1_13' title="bbox 585 2065 1962 2182; baseline -0.004 -26"><span class='ocrx_word' id='word_1_100' title='bbox 585 2101 727 2156; x_wconf 82' lang='lat' dir='ltr'><strong>versus</strong></span> <span class='ocrx_word' id='word_1_101' title='bbox 750 2075 889 2180; x_wconf 92' lang='lat' dir='ltr'><strong>polum</strong></span> <span class='ocrx_word' id='word_1_102' title='bbox 911 2073 1129 2180; x_wconf 81' lang='lat' dir='ltr'><strong>positivum</strong></span> <span class='ocrx_word' id='word_1_103' title='bbox 1152 2073 1381 2182; x_wconf 85' lang='lat' dir='ltr'><strong>oxigonium</strong></span> <span class='ocrx_word' id='word_1_104' title='bbox 1406 2072 1591 2154; x_wconf 90' lang='lat' dir='ltr'><strong>comitem</strong></span> <span class='ocrx_word' id='word_1_105' title='bbox 1615 2069 1754 2168; x_wconf 84' lang='lat' dir='ltr'><strong>babet,</strong></span> <span class='ocrx_word' id='word_1_106' title='bbox 1772 2065 1962 2150; x_wconf 86' lang='lat' dir='ltr'><strong>alterum-</strong></span> 
     </span>
     <span class='ocr_line' id='line_1_14' title="bbox 585 2193 1391 2304; baseline -0.007 -30"><span class='ocrx_word' id='word_1_107' title='bbox 585 2221 664 2304; x_wconf 86' lang='lat' dir='ltr'><strong>que</strong></span> <span class='ocrx_word' id='word_1_108' title='bbox 680 2193 973 2301; x_wconf 85' lang='lat' dir='ltr'><strong>hydrogenium</strong></span> <span class='ocrx_word' id='word_1_109' title='bbox 992 2195 1391 2298; x_wconf 85' lang='lat' dir='ltr'><strong>versusnegativum.</strong></span> 
     </span>
    </p>
   </div>
   <div class='ocr_carea' id='block_1_7' title="bbox 584 2310 1963 2748">
    <p class='ocr_par' dir='ltr' id='par_1_7' title="bbox 584 2310 1963 2720">
     <span class='ocr_line' id='line_1_15' title="bbox 635 2310 1963 2472; baseline 0.001 -29"><span class='ocrx_word' id='word_1_110' title='bbox 635 2365 685 2443; x_wconf 85' lang='lat' dir='ltr'><strong>In</strong></span> <span class='ocrx_word' id='word_1_111' title='bbox 712 2357 1008 2443; x_wconf 88' lang='lat' dir='ltr'><strong>reductionibus</strong></span> <span class='ocrx_word' id='word_1_112' title='bbox 1033 2374 1170 2440; x_wconf 84' lang='lat' dir='ltr'><strong>autern</strong></span> <span class='ocrx_word' id='word_1_113' title='bbox 1194 2359 1246 2440; x_wconf 88' lang='lat' dir='ltr'><strong>ad</strong></span> <span class='ocrx_word' id='word_1_114' title='bbox 1267 2310 1656 2442; x_wconf 68' lang='lat' dir='ltr'><strong>verisimilitudinem</strong></span> <span class='ocrx_word' id='word_1_115' title='bbox 1676 2360 1831 2454; x_wconf 74' lang='lat' dir='ltr'><strong>accedit,</strong></span> <span class='ocrx_word' id='word_1_116' title='bbox 1845 2389 1963 2472; x_wconf 68' lang='lat' dir='ltr'><strong>aqum</strong></span> 
     </span>
     <span class='ocr_line' id='line_1_16' title="bbox 584 2481 1959 2594; baseline -0.001 -28"><span class='ocrx_word' id='word_1_117' title='bbox 584 2481 1182 2594; x_wconf 75' lang='lat' dir='ltr'><strong>decompositaebydr&#39;ogenium,</strong></span> <span class='ocrx_word' id='word_1_118' title='bbox 1195 2481 1406 2589; x_wconf 82' lang='lat' dir='ltr'><strong>adjurante</strong></span> <span class='ocrx_word' id='word_1_119' title='bbox 1414 2481 1537 2564; x_wconf 84' lang='lat' dir='ltr'><strong>fluido</strong></span> <span class='ocrx_word' id='word_1_120' title='bbox 1553 2483 1749 2581; x_wconf 85' lang='lat' dir='ltr'><strong>electrioo,</strong></span> <span class='ocrx_word' id='word_1_121' title='bbox 1765 2484 1881 2565; x_wconf 88' lang='lat' dir='ltr'><strong>illum</strong></span> <span class='ocrx_word' id='word_1_122' title='bbox 1898 2483 1959 2564; x_wconf 87' lang='lat' dir='ltr'><strong>ef-</strong></span> 
     </span>
     <span class='ocr_line' id='line_1_17' title="bbox 585 2603 1955 2748; baseline -0.001 -60"><span class='ocrx_word' id='word_1_123' title='bbox 585 2608 733 2688; x_wconf 83' lang='lat' dir='ltr'><strong>fectum</strong></span> <span class='ocrx_word' id='word_1_124' title='bbox 749 2608 920 2748; x_wconf 77' lang='lat' dir='ltr'><strong>operari,</strong></span> <span class='ocrx_word' id='word_1_125' title='bbox 946 2631 1170 2716; x_wconf 85' lang='lat' dir='ltr'><strong>aquamque</strong></span> <span class='ocrx_word' id='word_1_126' title='bbox 1185 2605 1277 2686; x_wconf 89' lang='lat' dir='ltr'><strong>inde</strong></span> <span class='ocrx_word' id='word_1_127' title='bbox 1295 2622 1431 2704; x_wconf 84' lang='lat' dir='ltr'><strong>ortam</strong></span> <span class='ocrx_word' id='word_1_128' title='bbox 1440 2622 1487 2686; x_wconf 90' lang='lat' dir='ltr'><strong>ut</strong></span> <span class='ocrx_word' id='word_1_129' title='bbox 1502 2603 1781 2689; x_wconf 80' lang='lat' dir='ltr'><strong>subsidiariam</strong></span> <span class='ocrx_word' id='word_1_130' title='bbox 1797 2604 1955 2686; x_wconf 89' lang='lat' dir='ltr'><strong>decom</strong></span> 
     </span>
    </p>
   </div>
   <div class='ocr_carea' id='block_1_8' title="bbox 583 2726 1955 3065">
    <p class='ocr_par' dir='ltr' id='par_1_8' title="bbox 583 2726 1955 3065">
     <span class='ocr_line' id='line_1_18' title="bbox 585 2726 1954 2841; baseline -0.003 -31"><span class='ocrx_word' id='word_1_131' title='bbox 585 2731 690 2836; x_wconf 84' lang='lat' dir='ltr'><strong>poni.</strong></span> <span class='ocrx_word' id='word_1_132' title='bbox 714 2731 881 2841; x_wconf 79' lang='lat' dir='ltr'><strong>Sisque</strong></span> <span class='ocrx_word' id='word_1_133' title='bbox 903 2730 945 2812; x_wconf 87' lang='lat' dir='ltr'><strong>in</strong></span> <span class='ocrx_word' id='word_1_134' title='bbox 967 2727 1116 2810; x_wconf 82' lang='lat' dir='ltr'><strong>salibus</strong></span> <span class='ocrx_word' id='word_1_135' title='bbox 1136 2756 1219 2808; x_wconf 91' lang='lat' dir='ltr'><strong>non</strong></span> <span class='ocrx_word' id='word_1_136' title='bbox 1241 2755 1353 2838; x_wconf 79' lang='lat' dir='ltr'><strong>aeque</strong></span> <span class='ocrx_word' id='word_1_137' title='bbox 1370 2729 1735 2837; x_wconf 79' lang='lat' dir='ltr'><strong>decomponeretur‚</strong></span> <span class='ocrx_word' id='word_1_138' title='bbox 1757 2726 1880 2826; x_wconf 75' lang='lat' dir='ltr'><strong>haud,</strong></span> <span class='ocrx_word' id='word_1_139' title='bbox 1897 2744 1954 2806; x_wconf 84' lang='lat' dir='ltr'><strong>te-</strong></span> 
     </span>
     <span class='ocr_line' id='line_1_19' title="bbox 583 2847 1955 2947; baseline -0.007 -17"><span class='ocrx_word' id='word_1_140' title='bbox 583 2875 711 2947; x_wconf 85' lang='lat' dir='ltr'><strong>mere,</strong></span> <span class='ocrx_word' id='word_1_141' title='bbox 737 2848 1845 2933; x_wconf 52' lang='lat' dir='ltr'><strong>cranam-mmmm</strong></span> <span class='ocrx_word' id='word_1_142' title='bbox 1874 2847 1955 2929; x_wconf 85' lang='lat' dir='ltr'><strong>Sed</strong></span> 
     </span>
     <span class='ocr_line' id='line_1_20' title="bbox 583 2951 1953 3065; baseline -0.004 -13"><span class='ocrx_word' id='word_1_143' title='bbox 583 2964 802 3052; x_wconf 86' lang='lat' dir='ltr'><strong>omnibus</strong></span> <span class='ocrx_word' id='word_1_144' title='bbox 790 2995 834 3048; x_wconf 87' lang='grc' dir='ltr'><strong>ιιι</strong></span> <span class='ocrx_word' id='word_1_145' title='bbox 855 2959 1012 3044; x_wconf 83' lang='lat' dir='ltr'><strong>ensibus</strong></span> <span class='ocrx_word' id='word_1_146' title='bbox 1035 2956 1134 3038; x_wconf 87' lang='lat' dir='ltr'><strong>illud</strong></span> <span class='ocrx_word' id='word_1_147' title='bbox 1155 2951 1317 3037; x_wconf 88' lang='lat' dir='ltr'><strong>obtinet.</strong></span> <span class='ocrx_word' id='word_1_148' title='bbox 1339 2957 1427 3036; x_wconf 90' lang='lat' dir='ltr'><strong>Hoc</strong></span> <span class='ocrx_word' id='word_1_149' title='bbox 1446 2955 1565 3036; x_wconf 84' lang='lat' dir='ltr'><strong>modo</strong></span> <span class='ocrx_word' id='word_1_150' title='bbox 1587 2958 1750 3065; x_wconf 88' lang='lat' dir='ltr'><strong>quidem</strong></span> <span class='ocrx_word' id='word_1_151' title='bbox 1770 2989 1821 3041; x_wconf 85' lang='lat' dir='ltr'><strong>ex</strong></span> <span class='ocrx_word' id='word_1_152' title='bbox 1837 2965 1953 3048; x_wconf 85' lang='lat' dir='ltr'><strong>acido</strong></span> 
     </span>
    </p>
   </div>
   <div class='ocr_carea' id='block_1_9' title="bbox 584 3076 1956 3193">
    <p class='ocr_par' dir='ltr' id='par_1_9' title="bbox 584 3076 1956 3193">
     <span class='ocr_line' id='line_1_21' title="bbox 584 3076 1956 3193; baseline -0.008 -18"><span class='ocrx_word' id='word_1_153' title='bbox 584 3095 726 3174; x_wconf 89' lang='lat' dir='ltr'><strong>nitrico</strong></span> <span class='ocrx_word' id='word_1_154' title='bbox 743 3087 867 3169; x_wconf 91' lang='lat' dir='ltr'><strong>libero</strong></span> <span class='ocrx_word' id='word_1_155' title='bbox 889 3099 928 3163; x_wconf 82' lang='lat' dir='ltr'><strong>et</strong></span> <span class='ocrx_word' id='word_1_156' title='bbox 950 3079 1067 3162; x_wconf 86' lang='lat' dir='ltr'><strong>debili</strong></span> <span class='ocrx_word' id='word_1_157' title='bbox 1083 3077 1148 3160; x_wconf 87' lang='lat' dir='ltr'><strong>vel</strong></span> <span class='ocrx_word' id='word_1_158' title='bbox 1168 3077 1307 3158; x_wconf 88' lang='lat' dir='ltr'><strong>leviter</strong></span> <span class='ocrx_word' id='word_1_159' title='bbox 1329 3076 1635 3187; x_wconf 73' lang='lat' dir='ltr'><strong>implicatoque</strong></span> <span class='ocrx_word' id='word_1_160' title='bbox 1657 3080 1956 3193; x_wconf 80' lang='lat' dir='ltr'><strong>hydrogenium</strong></span> 
     </span>
    </p>
   </div>
   <div class='ocr_carea' id='block_1_10' title="bbox 343 3197 1949 3314">
    <p class='ocr_par' dir='ltr' id='par_1_10' title="bbox 343 3197 1949 3314">
     <span class='ocr_line' id='line_1_22' title="bbox 343 3197 1949 3314; baseline 0.013 -44"><span class='ocrx_word' id='word_1_161' title='bbox 343 3223 347 3232; x_wconf 74' lang='grc'><strong>’</strong></span> <span class='ocrx_word' id='word_1_162' title='bbox 463 3309 465 3314; x_wconf 23' lang='grc' dir='ltr'>Ι</span> <span class='ocrx_word' id='word_1_163' title='bbox 578 3209 870 3300; x_wconf 55' lang='lat' dir='ltr'><strong>ammoniacem</strong></span> <span class='ocrx_word' id='word_1_164' title='bbox 893 3232 984 3286; x_wconf 90' lang='lat' dir='ltr'><strong>cum</strong></span> <span class='ocrx_word' id='word_1_165' title='bbox 1006 3201 1125 3307; x_wconf 85' lang='lat' dir='ltr'><strong>hujus</strong></span> <span class='ocrx_word' id='word_1_166' title='bbox 1152 3198 1255 3279; x_wconf 88' lang='lat' dir='ltr'><strong>acidi</strong></span> <span class='ocrx_word' id='word_1_167' title='bbox 1281 3215 1393 3282; x_wconf 86' lang='lat' dir='ltr'><strong>azoto</strong></span> <span class='ocrx_word' id='word_1_168' title='bbox 1415 3197 1582 3302; x_wconf 84' lang='lat' dir='ltr'><strong>format,</strong></span> <span class='ocrx_word' id='word_1_169' title='bbox 1610 3217 1728 3312; x_wconf 85' lang='lat' dir='ltr'><strong>atque</strong></span> <span class='ocrx_word' id='word_1_170' title='bbox 1750 3203 1821 3285; x_wconf 91' lang='lat' dir='ltr'><strong>ubi</strong></span> <span class='ocrx_word' id='word_1_171' title='bbox 1845 3210 1949 3290; x_wconf 88' lang='lat' dir='ltr'><strong>sales</strong></span> 
     </span>
    </p>
   </div>
   <div class='ocr_carea' id='block_1_11' title="bbox 582 3321 1948 3566">
    <p class='ocr_par' dir='ltr' id='par_1_11' title="bbox 582 3321 1948 3566">
     <span class='ocr_line' id='line_1_23' title="bbox 583 3321 1948 3445; baseline -0.01 -24"><span class='ocrx_word' id='word_1_172' title='bbox 583 3339 923 3445; x_wconf 85' lang='lat' dir='ltr'><strong>decomponuntur</strong></span> <span class='ocrx_word' id='word_1_173' title='bbox 940 3325 1091 3432; x_wconf 85' lang='lat' dir='ltr'><strong>exejus</strong></span> <span class='ocrx_word' id='word_1_174' title='bbox 1109 3323 1292 3437; x_wconf 77' lang='lat' dir='ltr'><strong>origenio</strong></span> <span class='ocrx_word' id='word_1_175' title='bbox 1313 3348 1454 3403; x_wconf 85' lang='lat' dir='ltr'><strong>versus</strong></span> <span class='ocrx_word' id='word_1_176' title='bbox 1471 3321 1609 3441; x_wconf 89' lang='lat' dir='ltr'><strong>polum</strong></span> <span class='ocrx_word' id='word_1_177' title='bbox 1626 3324 1841 3437; x_wconf 88' lang='lat' dir='ltr'><strong>positivum</strong></span> <span class='ocrx_word' id='word_1_178' title='bbox 1863 3329 1948 3416; x_wconf 77' lang='lat' dir='ltr'><strong>effi-</strong></span> 
     </span>
     <span class='ocr_line' id='line_1_24' title="bbox 582 3446 1436 3566; baseline -0.019 -19"><span class='ocrx_word' id='word_1_179' title='bbox 582 3463 742 3546; x_wconf 85' lang='lat' dir='ltr'><strong>ciuntur</strong></span> <span class='ocrx_word' id='word_1_180' title='bbox 760 3455 892 3554; x_wconf 83' lang='lat' dir='ltr'><strong>oxida,</strong></span> <span class='ocrx_word' id='word_1_181' title='bbox 910 3449 1056 3566; x_wconf 91' lang='lat' dir='ltr'><strong>quibus</strong></span> <span class='ocrx_word' id='word_1_182' title='bbox 1074 3447 1185 3530; x_wconf 85' lang='lat' dir='ltr'><strong>acida</strong></span> <span class='ocrx_word' id='word_1_183' title='bbox 1202 3446 1436 3531; x_wconf 74' lang='lat' dir='ltr'><strong>coalescunt,</strong></span> 
     </span>
    </p>
   </div>
   <div class='ocr_carea' id='block_1_12' title="bbox 580 3635 1958 4366">
    <p class='ocr_par' dir='ltr' id='par_1_12' title="bbox 580 3635 1958 4366">
     <span class='ocr_line' id='line_1_25' title="bbox 632 3635 1958 3755; baseline -0.018 -24"><span class='ocrx_word' id='word_1_184' title='bbox 632 3647 724 3730; x_wconf 78' lang='lat' dir='ltr'><strong>Nisi</strong></span> <span class='ocrx_word' id='word_1_185' title='bbox 734 3642 1033 3755; x_wconf 76' lang='lat' dir='ltr'><strong>‘hydrogenium</strong></span> <span class='ocrx_word' id='word_1_186' title='bbox 1050 3639 1100 3720; x_wconf 88' lang='lat' dir='ltr'><strong>ad</strong></span> <span class='ocrx_word' id='word_1_187' title='bbox 1118 3638 1257 3748; x_wconf 89' lang='lat' dir='ltr'><strong>polum</strong></span> <span class='ocrx_word' id='word_1_188' title='bbox 1279 3635 1496 3745; x_wconf 72' lang='lat' dir='ltr'><strong>positivum</strong></span> <span class='ocrx_word' id='word_1_189' title='bbox 1510 3661 1611 3716; x_wconf 74' lang='lat' dir='ltr'><strong>eum</strong></span> <span class='ocrx_word' id='word_1_190' title='bbox 1626 3638 1831 3745; x_wconf 77' lang='lat' dir='ltr'><strong>pervenit,</strong></span> <span class='ocrx_word' id='word_1_191' title='bbox 1849 3637 1958 3732; x_wconf 72' lang='lat' dir='ltr'><strong>flui-</strong></span> 
     </span>
     <span class='ocr_line' id='line_1_26' title="bbox 581 3755 1943 3869; baseline -0.02 -18"><span class='ocrx_word' id='word_1_192' title='bbox 581 3769 678 3850; x_wconf 87' lang='lat' dir='ltr'><strong>dum</strong></span> <span class='ocrx_word' id='word_1_193' title='bbox 695 3770 919 3850; x_wconf 88' lang='lat' dir='ltr'><strong>electricum</strong></span> <span class='ocrx_word' id='word_1_194' title='bbox 939 3763 1015 3844; x_wconf 88' lang='lat' dir='ltr'><strong>sibi</strong></span> <span class='ocrx_word' id='word_1_195' title='bbox 1037 3761 1268 3869; x_wconf 85' lang='lat' dir='ltr'><strong>adjunctum</strong></span> <span class='ocrx_word' id='word_1_196' title='bbox 1287 3755 1469 3855; x_wconf 85' lang='lat' dir='ltr'><strong>baberet,</strong></span> <span class='ocrx_word' id='word_1_197' title='bbox 1488 3757 1614 3838; x_wconf 87' lang='lat' dir='ltr'><strong>multo</strong></span> <span class='ocrx_word' id='word_1_198' title='bbox 1635 3757 1770 3866; x_wconf 77' lang='lat' dir='ltr'><strong>plures</strong></span> <span class='ocrx_word' id='word_1_199' title='bbox 1784 3761 1943 3850; x_wconf 73' lang='lat' dir='ltr'><strong>oombi.</strong></span> 
     </span>
     <span class='ocr_line' id='line_1_27' title="bbox 581 3880 1940 4031; baseline -0.006 -59"><span class='ocrx_word' id='word_1_200' title='bbox 581 3893 758 3974; x_wconf 86' lang='lat' dir='ltr'><strong>nationes</strong></span> <span class='ocrx_word' id='word_1_201' title='bbox 788 3887 982 3986; x_wconf 89' lang='lat' dir='ltr'><strong>efficeret,</strong></span> <span class='ocrx_word' id='word_1_202' title='bbox 1010 3883 1080 3966; x_wconf 83' lang='lat' dir='ltr'><strong>sed</strong></span> <span class='ocrx_word' id='word_1_203' title='bbox 1110 3882 1162 3963; x_wconf 86' lang='lat' dir='ltr'><strong>ab</strong></span> <span class='ocrx_word' id='word_1_204' title='bbox 1187 3882 1309 3964; x_wconf 85' lang='lat' dir='ltr'><strong>altera</strong></span> <span class='ocrx_word' id='word_1_205' title='bbox 1337 3895 1452 3990; x_wconf 71' lang='lat' dir='ltr'><strong>pmte</strong></span> <span class='ocrx_word' id='word_1_206' title='bbox 1481 3907 1553 3989; x_wconf 88' lang='lat' dir='ltr'><strong>per</strong></span> <span class='ocrx_word' id='word_1_207' title='bbox 1583 3907 1630 3960; x_wconf 83' lang='lat' dir='ltr'><strong>se</strong></span> <span class='ocrx_word' id='word_1_208' title='bbox 1652 3880 1786 4031; x_wconf 87' lang='lat' dir='ltr'><strong>ipsum</strong></span> <span class='ocrx_word' id='word_1_209' title='bbox 1802 3883 1940 3964; x_wconf 79' lang='lat' dir='ltr'><strong>multo</strong></span> 
     </span>
     <span class='ocr_line' id='line_1_28' title="bbox 580 4001 1941 4142; baseline -0.006 -51"><span class='ocrx_word' id='word_1_210' title='bbox 580 4013 745 4095; x_wconf 83' lang='lat' dir='ltr'><strong>minori</strong></span> <span class='ocrx_word' id='word_1_211' title='bbox 752 4008 1024 4093; x_wconf 78' lang='lat' dir='ltr'><strong>reducendi</strong></span> <span class='ocrx_word' id='word_1_212' title='bbox 987 4035 1028 4088; x_wconf 82' lang='lat' dir='ltr'><strong>vr</strong></span> <span class='ocrx_word' id='word_1_213' title='bbox 1058 4003 1253 4116; x_wconf 85' lang='lat' dir='ltr'><strong>gauderet.</strong></span> <span class='ocrx_word' id='word_1_214' title='bbox 1288 4002 1558 4142; x_wconf 74' lang='lat' dir='ltr'><strong>Origenium</strong></span> <span class='ocrx_word' id='word_1_215' title='bbox 1545 4009 1696 4112; x_wconf 86' lang='lat' dir='ltr'><strong>rpsum&#39;‚</strong></span> <span class='ocrx_word' id='word_1_216' title='bbox 1713 4001 1784 4084; x_wconf 89' lang='lat' dir='ltr'><strong>ubi</strong></span> <span class='ocrx_word' id='word_1_217' title='bbox 1800 4004 1941 4114; x_wconf 75' lang='lat' dir='ltr'><strong>polum</strong></span> 
     </span>
     <span class='ocr_line' id='line_1_29' title="bbox 581 4124 1945 4248; baseline -0.004 -32"><span class='ocrx_word' id='word_1_218' title='bbox 581 4133 799 4248; x_wconf 73' lang='lat' dir='ltr'><strong>positivum</strong></span> <span class='ocrx_word' id='word_1_219' title='bbox 815 4133 994 4242; x_wconf 84' lang='lat' dir='ltr'><strong>contigit,</strong></span> <span class='ocrx_word' id='word_1_220' title='bbox 1012 4157 1047 4210; x_wconf 78' lang='grc' dir='ltr'><strong>ιι</strong></span> <span class='ocrx_word' id='word_1_221' title='bbox 1035 4128 1232 4209; x_wconf 82' lang='lat' dir='ltr'><strong>celorico</strong></span> <span class='ocrx_word' id='word_1_222' title='bbox 1248 4124 1474 4224; x_wconf 54' lang='lat' dir='ltr'><strong>deficeretj</strong></span> <span class='ocrx_word' id='word_1_223' title='bbox 1462 4153 1506 4206; x_wconf 91' lang='grc' dir='ltr'><strong>ιιι</strong></span> <span class='ocrx_word' id='word_1_224' title='bbox 1521 4141 1628 4206; x_wconf 82' lang='lat' dir='ltr'><strong>statu</strong></span> <span class='ocrx_word' id='word_1_225' title='bbox 1643 4153 1717 4207; x_wconf 86' lang='lat' dir='ltr'><strong>suo</strong></span> <span class='ocrx_word' id='word_1_226' title='bbox 1733 4125 1945 4234; x_wconf 81' lang='lat' dir='ltr'><strong>gazilormi</strong></span> 
     </span>
     <span class='ocr_line' id='line_1_30' title="bbox 582 4214 1947 4366; baseline -0.007 -26"><span class='ocrx_word' id='word_1_227' title='bbox 582 4255 868 4366; x_wconf 85' lang='lat' dir='ltr'><strong>multoplures</strong></span> <span class='ocrx_word' id='word_1_228' title='bbox 861 4253 1176 4338; x_wconf 80' lang='lat' dir='ltr'><strong>combinationes</strong></span> <span class='ocrx_word' id='word_1_229' title='bbox 1193 4247 1446 4357; x_wconf 80' lang='lat' dir='ltr'><strong>produceret3</strong></span> <span class='ocrx_word' id='word_1_230' title='bbox 1434 4214 1527 4327; x_wconf 87' lang='lat' dir='ltr'><strong>·sed</strong></span> <span class='ocrx_word' id='word_1_231' title='bbox 1537 4248 1632 4329; x_wconf 89' lang='lat' dir='ltr'><strong>illuc</strong></span> <span class='ocrx_word' id='word_1_232' title='bbox 1645 4249 1814 4331; x_wconf 81' lang='lat' dir='ltr'><strong>celorico</strong></span> <span class='ocrx_word' id='word_1_233' title='bbox 1830 4268 1947 4332; x_wconf 78' lang='lat' dir='ltr'><strong>setu-</strong></span> 
     </span>
    </p>
   </div>
   <div class='ocr_carea' id='block_1_13' title="bbox 581 4371 1934 4485">
    <p class='ocr_par' dir='ltr' id='par_1_13' title="bbox 581 4371 1934 4485">
     <span class='ocr_line' id='line_1_31' title="bbox 581 4371 1934 4485; baseline -0.007 -23"><span class='ocrx_word' id='word_1_234' title='bbox 581 4401 712 4472; x_wconf 81' lang='lat' dir='ltr'><strong>ratum</strong></span> <span class='ocrx_word' id='word_1_235' title='bbox 739 4379 921 4480; x_wconf 37' lang='lat' dir='ltr'><strong>adveniqt</strong></span> <span class='ocrx_word' id='word_1_236' title='bbox 947 4397 1065 4485; x_wconf 85' lang='lat' dir='ltr'><strong>atque</strong></span> <span class='ocrx_word' id='word_1_237' title='bbox 1089 4375 1130 4458; x_wconf 92' lang='lat' dir='ltr'><strong>in</strong></span> <span class='ocrx_word' id='word_1_238' title='bbox 1147 4387 1261 4458; x_wconf 82' lang='lat' dir='ltr'><strong>statu</strong></span> <span class='ocrx_word' id='word_1_239' title='bbox 1281 4371 1453 4457; x_wconf 78' lang='lat' dir='ltr'><strong>naturali</strong></span> <span class='ocrx_word' id='word_1_240' title='bbox 1476 4371 1698 4472; x_wconf 69' lang='lat' dir='ltr'><strong>mentionis</strong></span> <span class='ocrx_word' id='word_1_241' title='bbox 1719 4374 1793 4457; x_wconf 83' lang='lat' dir='ltr'><strong>vel</strong></span> <span class='ocrx_word' id='word_1_242' title='bbox 1805 4373 1934 4465; x_wconf 85' lang='lat' dir='ltr'><strong>solnm</strong></span> 
     </span>
    </p>
   </div>
   <div class='ocr_carea' id='block_1_14' title="bbox 0 0 2264 5862">
    <p class='ocr_par' dir='ltr' id='par_1_14' title="bbox 0 0 2264 5862">
     <span class='ocr_line' id='line_1_32' title="bbox 0 0 2264 5862; baseline 0 0"><span class='ocrx_word' id='word_1_243' title='bbox 0 0 2264 5862; x_wconf 95' lang='lat' dir='ltr'><strong> </strong></span> 
     </span>
    </p>
   </div>
  </div>
 </body>
</html>
