4517 5867
607 556 654 632 ts
840 641 843 650 .
884 501 914 622 i
939 557 977 623 n.
1001 551 1158 622 norun
1180 548 1297 624 snut
1323 551 1388 620 sn
1411 549 1579 640 Quaen
1607 551 1734 622 rurs.

608 762 832 868 mojorem,
864 759 1107 840 minoremve
1125 757 1400 839 ¹evolutionem
1427 756 1603 865 accipere
1628 773 1825 866 possunt,
1859 769 1981 866 prout

611 889 745 994 longa,
762 897 944 991 angusta,
962 881 1041 960 alta
1058 878 1122 964 vel
1135 879 1320 986 depresso
1334 879 1519 960 columna
1536 895 1609 958 est
1626 883 1757 989 Atque
1776 879 1876 961 illud
1897 895 1986 960 tunt
2101 871 2104 875 ¹

609 1006 780 1088 maxime
797 1002 929 1082 evenit
945 1001 1016 1081 ubi
1033 1002 1115 1100 vis,
1141 1028 1220 1109 qua
1237 1016 1414 1110 permeat
1431 1000 1616 1099 fluidum,
1634 1002 1724 1110 plus
1742 1003 1924 1084 minusve
1944 1001 1989 1082 vi

612 1122 852 1207 conductrici
876 1119 1029 1232 gaudet.
1049 1123 1146 1203 Haec
1163 1120 1416 1221 intermedia,
1444 1150 1531 1232 quae
1548 1119 1799 1234 contingunt,
1825 1110 1990 1232 phaeno-

612 1275 728 1330 mena
751 1243 889 1327 haberi
910 1259 1080 1352 possunt
1101 1260 1305 1356 tamquam
1327 1245 1613 1360 permixtiones
1630 1245 1801 1347 diuersis
1823 1272 1991 1354 propor-

612 1367 794 1450 tionibus
821 1364 1017 1464 subactae,
1044 1363 1190 1474 quibus
1217 1383 1351 1448 tamen
1374 1365 1698 1478 proportionibus
1725 1367 1993 1480 determinatae
2051 1351 2059 1364 ’

615 1487 1051 1598 calorici,luminisque
1071 1487 1262 1570 tensionis
1285 1488 1459 1570 rationes
1477 1490 1606 1569 inesse
1631 1507 1811 1595 possunt.
1830 1487 1994 1594 Electri,-

534 1649 536 1656 =
620 1611 719 1692 citas
732 1596 918 1720 ‘negativo
942 1637 1037 1694 vero
1058 1605 1128 1690 ubi
1152 1639 1245 1691 cum
1262 1636 1448 1718 corpore,
1469 1609 1577 1719 quod
1599 1609 1642 1688 in
1659 1605 1878 1716 composito
1896 1622 1996 1718 quo-

621 1715 717 1812 dani
738 1732 914 1841 corporis
941 1729 1209 1814 comburentis
1234 1732 1364 1816 vinem
1381 1731 1575 1830 instituit,
1593 1729 1859 1829 combinatur,
1876 1741 1995 1836 atque

623 1853 855 1935 electricitss
884 1855 1055 1962 positiva
1087 1882 1179 1936 cum
1212 1877 1377 1966 corpore
1410 1855 1647 1964 copulatur,
1678 1853 1787 1964 quod
1818 1851 1996 1962 corporis

500 2073 502 2078 ι
620 1973 914 2054 combustibilis
941 1976 1068 2056 vicem
1091 1978 1135 2054 in
1156 1992 1321 2084 corpore
1338 1976 1518 2082 supplet,
1542 2003 1635 2054 cum
1658 2003 1752 2056 vero
1775 1965 1996 2053 admittitur

621 2094 797 2201 duplicis
812 2095 926 2174 ¹illius
945 2113 1071 2174 status
1088 2097 1296 2175 materiam
1313 2094 1492 2175 eamdem
1510 2121 1615 2192 esse,
1638 2109 1864 2202 statumque
1883 2123 1996 2204 nega-

630 2215 821 2293 tivum'in
840 2213 961 2292 fluido
973 2214 1148 2311 rariore,
1165 2231 1205 2293 et
1224 2233 1373 2294 statum
1392 2215 1611 2321 positivum
1628 2211 1671 2292 in
1690 2214 1811 2293 {luido
1828 2205 2000 2297 densiori

632 2333 865 2431 consistere,
883 2346 970 2410 tum
989 2332 1219 2442 simpliciter
1236 2333 1492 2440 phaenomena
1510 2334 1577 2416 illa
1594 2335 1849 2444 explicantur.

675 2507 730 2585 ¹In
755 2505 882 2585 solitis
907 2517 1040 2584 autem
1061 2503 1480 2612 decompositionibus,
1503 2506 1631 2615 majus
1659 2505 1933 2605 combustibile
1958 2515 2001 2593 in

630 2625 829 2705 debilioris
847 2627 979 2706 locum
996 2653 1082 2706 sese
1099 2625 1322 2726 substituit,
1340 2651 1468 2736 neque
1485 2653 1579 2708 vero
1596 2655 1688 2709 eum
1708 2658 1754 2709 eo
1772 2635 2001 2740 copulatum

629 2747 737 2856 quod
758 2748 862 2829 idem
884 2747 929 2828 fit
951 2751 993 2828 in
1011 2745 1351 2830 comburentibus.
1374 2751 1513 2859 Neque
1535 2752 1654 2831 etiam
1674 2751 1906 2833 electricitas
1930 2771 2002 2832 aut

630 2869 1242 2960 caloricmmjnfflmtnt·
1255 2873 1361 2931 tm
1376 2871 1573 2962 duplicem
1595 2867 1883 2968 copulationem
1900 2869 2002 2951 inire

630 2981 763 3077 debet3
791 2975 861 3057 sed
887 2990 1043 3053 tantum
1070 2974 1174 3053 circs
1200 2998 1365 3082 corpora
1391 2975 1663 3060 comburentis
1690 2989 1866 3093 corporis
1893 3019 2001 3072 com.

634 3099 833 3183 bustibilis
852 3096 985 3176 locum
1003 3095 1116 3204 capit.

690 3269 880 3348 Praeterea
902 3264 1102 3346 multoties
1121 3261 1384 3348 electricitatis
1402 3264 1588 3353 formatio
1611 3296 1683 3354 nos
1701 3276 1828 3386 fugit,
1853 3282 2001 3392 quippe

639 3419 732 3500 quse
743 3413 955 3497 corporum
965 3386 1213 3496 superficiem
1221 3389 1449 3498 perlabens,
1472 3420 1596 3504 eaque
1608 3396 1770 3479 luminis
1780 3401 1906 3482 instar
1922 3433 2003 3484 non

641 3511 836 3608 dilatans,
860 3535 987 3618 neque
1013 3510 1072 3588 uti
1100 3510 1255 3608 lumen,
1281 3539 1326 3591 ea
1349 3513 1518 3594 reddens
1534 3516 1724 3618 visibilia,
1745 3550 1872 3631 neque
1888 3527 2001 3628 ullis,

642 3631 714 3740 qui
742 3626 865 3708 oculis
892 3629 1042 3737 percipi
1066 3648 1252 3736 possent,
1284 3630 1491 3715 effectibus
1523 3641 1774 3745 praesentiam
1799 3643 2001 3728 declarans

642 3777 805 3832 omnem
827 3775 993 3857 prorsus
1024 3752 1280 3832 attentionem
1303 3750 1455 3864 effugit.
1473 3758 1613 3840 Dicere
1638 3779 1769 3841 autem
1785 3772 2021 3871 possumus

643 3869 687 3948 in
706 3869 954 3950 electricitate
972 3867 1106 3952 lumen
1124 3872 1352 3954 dilatantem
1366 3875 1525 3961 calorici
1537 3881 1641 3984 vim,
1656 3900 1698 3966 et
1715 3884 1890 3972 vicissim
1902 3889 2003 3972 calo

636 3989 772 4106 ‘sicum
788 3991 873 4081 tim
890 3991 1050 4076 luminis
1064 3992 1292 4078 illucentem
1313 3995 1497 4081 adimere.
1569 4090 1573 4098 ⁴

1233 4257 1412 4344 snus.
1495 4229 1504 4244 '
