4517 5867
488 595 730 670 RESPONSIO
753 597 818 670 AD
839 595 1145 686 QUAESTIONEM
1169 599 1444 674 BOE'ANIGAM.
1582 629 1623 678 ιι

322 788 436 870 lladii
449 789 689 878 medullares
702 791 745 874 in
756 815 922 895 magnos
936 805 979 870 et
992 812 1138 896 parvos
1149 788 1403 870 dividuntur:
1416 819 1627 905 nunquam

269 914 312 990 in
328 910 505 993 medulla
516 913 784 1018 reperiuntur.
799 911 1028 992 Nascuntur
1041 907 1253 1004 ineironlo
1267 907 1502 993 cellularum
1512 916 1626 1003 elom

269 1048 472 1136 getarum,
495 1060 586 1142 quae
607 1031 823 1122 medullam
843 1021 1092 1124 circumdant
1114 1047 1156 1112 et
1183 1033 1227 1112 in
1246 1031 1392 1111 cortice
1411 1035 1628 1126 terminari,-

269 1167 346 1231 tur
368 1147 521 1234 Eorum
543 1153 693 1234 fabrica
710 1153 997 1260 simplicissima
1016 1171 1090 1252 eat,
1107 1167 1263 1234 tantum
1276 1149 1496 1241 formantur
1511 1153 1627 1244 cellu-

268 1269 318 1349 lls
338 1270 630 1394 elongatisquae
642 1273 1157 1354 crescuntdiometmlr'tera
1170 1271 1345 1357 medulli
1355 1271 1406 1352 ad
1424 1275 1623 1355 corticem.

266 1391 384 1470 Radii
413 1383 650 1474 medullares
675 1422 840 1506 qnoque
866 1394 1064 1478 meatibus
1088 1392 1447 1529 intereellularibus
1474 1396 1622 1524 instru-

268 1528 404 1592 untur.

320 1699 368 1780 11.
397 1699 561 1781 Canales
584 1717 626 1782 et
649 1701 805 1807 tribuli,
833 1729 1009 1814 qnorum
1036 1705 1209 1812 parietes
1231 1704 1384 1785 efibria
1400 1704 1627 1792 tenerrimis

264 1819 479 1924 spiralibus
499 1823 740 1923 consistunt,
760 1825 976 1908 secundam
993 1829 1245 1917 ιοιιιιίιιιιιιιι
1262 1827 1433 1908 sormam
1450 1825 1626 1930 primiti·

265 1965 366 2018 vam.
387 1942 573 2022 Trachaae
592 1945 756 2050 spirales
779 1947 844 2025 vel
867 1973 958 2028 vasa
979 1949 1142 2054 spiralia
1160 1947 1331 2031 audiunt
1347 1945 1432 2026 hac
1453 1969 1626 2048 organa,

266 2085 355 2167 ,quae
373 2059 596 2142 formantur
612 2089 685 2168 per
701 2063 846 2148 libram
863 2065 910 2146 in
928 2067 1076 2172 spiram
1094 2066 1349 2151 convolutam
1365 2079 1436 2150 aut
1447 2064 1493 2142 in
1504 2089 1629 2146 annu·

265 2177 354 2266 lum
380 2181 698 2284 agglutinatam,
725 2209 904 2294 qaorum
933 2189 1048 2292 spirae
1079 2185 1325 2296 quandoque
1353 2181 1477 2266 simul
1505 2180 1626 2286 gluti.-

267 2316 435 2396 nantur,
453 2301 658 2384 autsimul
677 2302 980 2410 conjunguntur
999 2332 1073 2413 per
1089 2303 1365 2388 membranam
1381 2315 1627 2409 punctatam,
1670 2363 1674 2369 .

266 2443 455 2532 qumnno
468 2419 626 2504 autolio
641 2421 764 2504 modo
778 2423 1190 2529 speciemmonstrant
1204 2419 1626 2520 ductirsr'otundima·

268 2535 489 2637 gnitudinis
507 2567 598 2648 quae
617 2541 726 2620 illam
744 2543 977 2624 cellularum
996 2560 1179 2653 superat;
1197 2571 1289 2653 quae
1306 2558 1497 2649 praeterea
1514 2556 1625 2628 man·

266 2673 383 2734 scunt
404 2684 476 2763 per
500 2676 625 2740 totam
650 2660 946 2769 longitudinem
969 2666 1111 2774 plantae
1134 2693 1158 2743 a
1182 2663 1315 2743 radice
1332 2660 1383 2746 ad
1403 2659 1567 2759 florem,
1584 2675 1625 2738 et
1673 2672 1683 2758 g

265 2801 354 2884 quae
369 2805 577 2880 nunquam
595 2783 638 2861 in
656 2785 802 2864 cortice
817 2803 887 2866 aut
898 2785 1076 2874 medulla
1090 2787 1363 2886 reperiuntur
1380 2780 1451 2864 sed
1463 2795 1622 2893 tantum

267 2893 310 2969 in
332 2889 466 2972 medio
490 2917 653 2991 eorum,
675 2890 916 2972 conferendo
938 2893 1138 2998 praecipue
1158 2889 1210 2967 ad
1225 2889 1510 2970 formationem
1530 2905 1620 2967 eor'·

266 3014 379 3120 poris
396 3011 569 3116 lignosi
558 3037 602 3088 ιιι
619 3009 749 3114 lignis.
765 3012 870 3089 Vasa
886 3036 1051 3120 quoque
1068 3008 1254 3109 audiunt,
1269 3007 1367 3116 quia
1383 3033 1525 3086 ιοιιιιιι
1537 3008 1618 3086 for·

267 3159 332 3211 ma
349 3132 392 3211 in
418 3157 565 3236 genere
586 3130 805 3238 cylindrica
823 3145 898 3231 est,
914 3129 1017 3208 sed
1005 3157 1050 3214 ιιι
1067 3125 1215 3208 nodis
1203 3128 1518 3233 anterrumpitur.
1538 3131 1617 3208 Eo·

266 3281 360 3334 rum
380 3251 572 3350 diameter
592 3253 721 3333 variat
742 3277 817 3359 pro
842 3266 975 3329 aetate·
965 3276 1075 3356 p‚ro
1096 3245 1262 3331 diversis
1279 3245 1504 3380 plantarum
1524 3276 1615 3354 par-

267 3373 400 3474 tibus,
417 3389 458 3451 et
473 3399 549 3480 pro
570 3371 725 3454 diversi
743 3397 880 3450 earnm
902 3369 1053 3450 naturd.

318 3541 411 3624 Hac
422 3539 551 3628 forma
568 3541 772 3654 primitiva
783 3542 918 3626 rninm
930 3537 1161 3650 frequenter
1172 3535 1361 3635 occurrit,
1375 3531 1492 3641 plane
1504 3519 1616 3618 abest

267 3665 310 3744 in
340 3645 696 3766 organisationibus
721 3660 980 3744 inferioribus
1005 3686 1134 3772 usque
1160 3656 1211 3738 ad
1232 3656 1408 3743 Filicea.
1410 3655 1457 3732 ln
1476 3654 1614 3760 juveni

268 3782 400 3894 planta
416 3807 508 3860 rasa
530 3779 691 3888 spiralia
714 3778 939 3860 offeruntur
955 3779 1252 3888 quamprimum
1268 3774 1447 3884 plantula
1464 3772 1614 3890 radices

266 3903 356 4005 egit
377 3887 486 3979 Dum
506 3899 665 3981 altiores
689 3899 831 4008 plantae
851 3915 1051 3996 crescunt,
1072 3899 1155 3976 haec
1178 3895 1305 3975 forma
1325 3917 1483 4007 semper
1508 3895 1613 3972 inter

267 4017 483 4100 medullam
500 4036 541 4099 et
556 4020 762 4120 corticem,
779 4046 860 4102 una
877 4047 970 4098 cum
987 4001 1138 4100 cellulis
1156 4007 1349 4121 elongatis
1367 4013 1508 4092 intime
1526 4001 1611 4092 sese
1687 4010 1691 4016 '

266 4136 438 4239 colligit
463 4163 536 4241 per
561 4137 722 4220 frondes
751 4155 791 4218 ιι
819 4137 990 4246 petiolas
1018 4136 1148 4216 folia
1136 4153 1280 4237 intrat,
1300 4133 1374 4215 ubi
1398 4159 1546 4216 nervos
1571 4152 1611 4213 et

267 4281 388 4339 venas
405 4253 566 4349 lormat;
584 4283 657 4360 per
677 4258 982 4362 petiunculam
969 4284 1014 4335 ιιι
1037 4255 1137 4335 flore
1157 4281 1243 4336 sese
1264 4253 1611 4362 expanditpcujut

267 4374 346 4456 tela
357 4399 503 4486 venosa
522 4399 571 4454 ax
588 4372 729 4456 iisdem
746 4377 931 4458 Tracheia
949 4375 1172 4484 spiralibus
1190 4375 1313 4480 magis
1332 4375 1536 4482 magisque
1555 4373 1612 4456 di-

1412 4520 1453 4566 a..
