4517 5867
1245 613 1339 689 as
1577 588 1580 592 ’
1873 612 1880 617 ·
2201 636 2204 639 -
2406 618 2821 693 sumen

1249 816 1418 877 tem
1478 800 1858 905 sagaciter
1915 800 2277 910 quaesivit
2330 815 2411 878 et
2461 801 2741 905 selegit
2771 859 2803 901 ‚.
2855 814 3101 907 atque
3160 797 3372 877 clare
3430 799 3820 905 exposuit.
3884 799 3982 876 In

1246 923 1686 1031 quaestione
1737 924 2226 1033 caeteroquin
2274 920 2780 1001 enodationis
2812 918 3043 1000 valde
3082 917 3433 998 difficilis
3453 979 3473 1017 ,
3508 945 3607 997 ex
3637 946 3735 997 eo
3768 946 3975 1025 prae-

1244 1046 1521 1123 sertim
1538 1104 1561 1146 .,
1592 1044 1818 1156 quod
1842 1043 2511 1151 physiologorum
2552 1045 2808 1124 nostri
2848 1045 2996 1123 aevi
3019 1040 3445 1151 principes
3485 1040 3939 1147 discrepent
3957 1099 3980 1141 .,

1243 1165 1332 1243 in
1372 1165 1745 1272 pluribus
1789 1162 1889 1243 ad
1941 1166 2144 1242 hanc
2193 1190 2365 1241 rem
2410 1165 3002 1273 pertinentibus
3054 1163 3506 1241 momentIs.
3547 1162 3741 1242 Ideo
3790 1165 3982 1241 arti-

1247 1286 1440 1365 culo·
1499 1286 1640 1368 185
1694 1287 2040 1366 instituti
2081 1284 2457 1365 satisfecit
2511 1301 2812 1365 auctor.
2866 1286 3010 1363 Est
3057 1300 3329 1364 autem

1241 1458 1697 1539 Bemardus
1723 1460 1824 1539 de
1845 1461 2470 1555 saint-Monate,
2500 1487 2603 1540 ex
2630 1458 3492 1568 Houdeng-Aimen'es,
3520 1460 3982 1540 Fac-altatis

1343 1580 1976 1690 Disciplinarum
2014 1584 2791 1665 Mathematicarum
2828 1599 2908 1660 et
2948 1580 3484 1689 Physicarum
3527 1583 3614 1663 in
3647 1582 3978 1663 Acade-

1347 1703 1518 1784 mia
1560 1706 2028 1789 Lovaniensi
2066 1705 2486 1785 Stati-iosus.

1287 2060 1791 2145 JUDICIUM
1834 2066 2166 2145 ORDIN
2178 2059 2266 2145 IS
2310 2069 3067 2145 PHILOSOPHIAE
3119 2069 3259 2145 ET
3303 2064 3917 2145 LI‘FERARUM

2230 2189 2983 2265 HUMaNIORUM*
3988 2219 3995 2230 ·

1242 2355 1470 2436 Ordo
1531 2350 2210 2466 Philosophorum
2270 2357 2370 2437 ad
2430 2361 2975 2461 Quaestionem
3020 2361 3487 2441 [iterari-am
3531 2361 3651 2437 his
3703 2359 3968 2441 verbis

1340 2497 1808 2587 conceptam
1845 2508 1864 2557 ε

1347 2686 1388 2728 ox
1440 2655 1899 2764 Explicetur
1935 2673 2016 2738 et
2065 2685 2165 2738 ex
2212 2660 2509 2739 Graecis
2554 2657 3061 2767 potissimum
3109 2660 3472 2743 fontibus
3520 2664 3972 2744 illustretur

1213 2812 1279 2884 ἲ»
1337 2780 1745 2861 Ciceronis
1765 2782 2004 2881 liber,
2022 2782 2168 2892 qui
2197 2784 2400 2864 Cato
2419 2783 2696 2890 Major
2719 2784 2887 2862 sive
2918 2786 3045 2864 De
3067 2784 3474 2861 &nectum
3500 2785 3973 2862 inscribitur

1235 2937 1276 2980 n
1331 2903 1577 3014 idque
1600 2902 1701 2981 ad
1723 2904 2180 3010 exemplum
2198 2904 2703 3007 egregiarum
2721 2906 2806 2983 in
2825 2904 2981 2981 hoc
2996 2927 3289 3005 genere
3310 2902 3973 3008 disputationum,

1233 3059 1276 3102 n
1331 3026 1631 3135 quibus
1660 3023 1761 3102 de
1787 3025 2176 3103 Cicerone
2202 3049 2467 3139 nuper
2484 3024 2905 3122 insigniter
2922 3037 3397 3098 meruerunt
3424 3023 3694 3102 Batavi
3725 3022 3972 3104 homi-

1231 3182 1274 3224 »
1330 3174 1472 3225 nes
1525 3146 1962 3225 doctissimi
1991 3201 2016 3243 ‚
2072 3164 2158 3228 ut
2205 3148 2295 3219 1τί
2350 3142 2448 3220 G.
2510 3140 2697 3218 Van
2747 3137 3119 3245 Lynden,
3164 3143 3308 3220 J0.·
3343 3143 3424 3220 T
3410 3142 3485 3220 Ιι.
3540 3146 3958 3240 Neue-her,

1227 3302 1270 3347 w
1329 3270 1418 3349 C.
1453 3270 1525 3349 J.
1573 3272 1763 3347 Van
1797 3269 2094 3358 Assera,
2146 3262 2301 3341 alii.
2359 3294 2398 3337 >›

1229 3471 1476 3526 unam
1548 3440 2066 3523 solummodo
2129 3441 2433 3546 accepit
2507 3442 3262 3522 commentationem
3297 3502 3320 3547 ,
3388 3446 3519 3525 cui
3585 3447 3965 3556 inscripta

1227 3566 1609 3668 leguntur
1649 3563 1896 3645 verba
1937 3564 2101 3641 haec
2146 3563 2675 3642 Democratea
2718 3591 2735 3639 ε

1726 3734 1805 3802 Ὀ
1830 3746 2038 3825 κόσμος
2064 3742 2249 3817 σκηνὴ
2266 3789 2283 3822 ,
2305 3743 2336 3801 ὁ
2359 3736 2486 3820 βὼς
2505 3737 2760 3827 πάροὼς·
2783 3734 2949 3818 ἦλθες
2967 3793 2985 3826 ,
3009 3741 3156 3827 ἰ’δὲς,
3180 3744 3443 3821 ἀπῆλθες.

1232 3902 1327 3978 In
1380 3926 1539 4009 qua
1594 3895 1967 4006 quidem,
2037 3899 2204 3976 sive
2266 3896 2718 3976 doctrinam
2784 3917 3092 4007 spectes
3150 3902 3318 3980 sive
3379 3905 3761 3985 orationis
3808 3906 3959 3987 La·-

1224 4021 1406 4103 tinae
1438 4021 1924 4128 probitatem
1948 4081 1969 4120 ‚
2026 4018 2245 4101 haud
2291 4047 2539 4128 pauca
2595 4020 2698 4101 ad
2756 4021 3334 4131 perfectionem
3377 4025 3955 4110 desiderantur.

1221 4143 1371 4226 Sed
1422 4171 1608 4224 cum
1670 4171 2183 4251 summopere
2237 4144 2371 4223 illa
2436 4146 3048 4226 commendetur
3100 4175 3145 4225 a
3204 4150 3406 4227 mira
3465 4152 3812 4262 quadam
3868 4156 3954 4232 in

1222 4284 1696 4377 argumento
1744 4266 2304 4377 persequendo
2360 4270 2704 4347 auctoris
2762 4268 3171 4374 diligentia
3228 4290 3308 4351 et
3350 4302 3625 4355 rerum
3668 4303 3961 4382 conge-

1221 4412 1526 4474 starum
1539 4392 1942 4492 ubertate,
1964 4417 2131 4468 non
2151 4388 2551 4468 dubitavit
2570 4388 2796 4469 Ordo
2819 4394 3023 4501 quin
3046 4396 3372 4500 praemio
3402 4426 3581 4475 eam
3606 4416 3949 4480 ornaret.

1221 4517 1562 4621 Aperta,
1600 4543 1782 4624 quae
1822 4511 1940 4593 illi
1991 4511 2293 4619 adjecta
2330 4528 2538 4610 erat,
2574 4511 2951 4595 schedula
2988 4519 3357 4624 apparuit
3399 4547 3700 4601 nomen
