4517 5867
659 791 679 838 a
971 754 1189 831 ANDREAE
1214 750 1390 821 COHEN
1413 738 1709 817 uuottttttsn

614 974 622 989 ·
658 944 873 1028 morbosus
894 940 1037 1021 animae
1062 932 1269 1017 facultates
1287 949 1329 1011 et
1348 922 1583 1009 affectiones
1603 930 1739 1029 aperte
1760 934 2023 1017 commutant,

660 1088 778 1179 atque
802 1067 853 1146 de
881 1061 1060 1171 corporis
1081 1059 1124 1136 in
1150 1082 1241 1137 eam
1259 1050 1417 1135 influxu
1441 1073 1607 1132 omnem
1632 1041 1928 1123 dubitationem
1947 1042 2024 1119 toi-

587 1264 592 1271 .
660 1190 761 1269 lunt.
783 1186 939 1267 Animae
961 1185 1064 1263 actio
1085 1182 1129 1259 in
1149 1203 1296 1286 corpus
1318 1173 1529 1283 perspicua
1554 1186 1632 1267 ost,
1654 1164 1754 1245 dum
1783 1160 2027 1243 attendimus

661 1311 711 1393 ad
744 1310 786 1391 id
817 1308 929 1420 quod
963 1305 1008 1385 fit
1038 1302 1117 1385 sub
1146 1298 1356 1381 affectibus
1386 1295 1519 1389 illius3
1549 1290 1629 1370 eibi
1658 1288 1789 1397 palato
1816 1283 2056 1396 arridentis*

661 1433 849 1538 cogitatio
873 1428 994 1508 efficit
1013 1442 1061 1504 ut
1081 1424 1205 1505 saliva
1230 1446 1323 1497 cum
1346 1419 1501 1523 impetu
1522 1441 1572 1495 cx
1594 1410 1785 1493 ductibus
1805 1409 1889 1487 suis
1907 1409 2030 1515 prosi-

660 1554 791 1632 liutet
819 1548 1073 1641 extrudatur,
1096 1570 1142 1623 oc
1162 1543 1196 1621 si
1219 1542 1305 1646 ipse
1329 1536 1444 1615 cibus
1467 1538 1510 1615 in
1532 1563 1603 1615 ore
1620 1532 1778 1612 adesset
1796 1546 2028 1637 exoptatus,

663 1674 829 1782 ejusque
853 1670 1025 1779 parietes
1047 1661 1280 1744 stimularet.
1311 1656 1405 1738 ldea
1434 1658 1556 1737 etiam
1578 1652 1770 1734 fastidiosi
1792 1654 2030 1733 nutrimenti

663 1791 878 1873 ventriculi
898 1786 1190 1870 contractiones
1208 1781 1423 1864 sollicitare
1439 1780 1554 1861 valet.

714 1978 926 2079 Medium,
958 1975 1072 2085 quod
1100 1972 1316 2053 mirificum
1342 1970 1565 2079 junctionis
1595 1970 1736 2048 animae
1767 1967 2032 2075 corporisque

595 2123 600 2143 '
662 2101 869 2181 constituit
888 2098 1114 2199 vinculum,
1128 2106 1397 2203 'perspectum
1425 2092 1545 2203 plane
1570 2117 1812 2204 quamquam
1841 2116 1930 2168 non
1962 2086 2033 2165 lta·

567 2212 574 2229 ’
662 2222 858 2327 beamus,
894 2216 1077 2299 attamen·
1101 2242 1253 2295 nexum
1285 2216 1402 2295 illum
1436 2242 1589 2325 ponere
1621 2213 1784 2294 videtur
1813 2237 2034 2290 nervosum

664 2360 854 2450 systema,
874 2339 988 2451 quod
1008 2356 1135 2419 totam
1157 2354 1390 2418 concatenat
1413 2340 1596 2447 corporis
1617 2336 1837 2437 officinam,
1859 2360 2033 2439 organo-

666 2491 838 2571 rumque
866 2460 1057 2541 exercitio
1082 2458 1279 2568 praesidet

718 2654 968 2731 Discernitur
1006 2650 1107 2731 illud
1147 2652 1191 2731 in
1224 2648 1522 2762 encepbalicum
1555 2653 1640 2733 'sive
1676 2647 2034 2756 cerebro-spinale

667 2788 707 2851 et
726 2790 898 2881 systema
918 2802 990 2851 seu
1012 2802 1160 2851 nervos
1178 2777 1439 2879 gangliorum.

718 2962 773 3041 Hi
800 2966 915 3043 nervi
935 2981 1095 3064 tenues,
1120 2962 1338 3061 molliores,
1367 2964 1623 3070 multiplices,
1647 2963 1800 3069 absque
1824 2962 1969 3041 ordine
1989 2965 2032 3040 in

667 3082 1142 3193 trisplanchnicisdillusi
1166 3084 1418 3187 caritatibus,
1438 3082 1715 3163 functionibus
1734 3084 1913 3163 internis.
1926 3082 2029 3161 adsi-

666 3207 881 3288 milationis
902 3209 1142 3304 inserviunt;
1169 3208 1271 3287 actio
1293 3234 1436 3288 eorum
1458 3203 1568 3285 haud
1589 3207 1923 3312 interrumpitur,
1946 3233 2031 3284 om·

560 3436 562 3443 y
645 3332 791 3441 nique
822 3332 865 3409 in
893 3329 982 3409 vitae
1011 3344 1238 3427 momento,
1266 3330 1311 3408 in
1339 3328 1454 3424 foetu,
1485 3354 1558 3435 per
1587 3346 1775 3407 somnum
1805 3344 1847 3406 et
1877 3328 2032 3433 vigilias

668 3454 851 3531 exeritur.
874 3453 949 3530 Per
970 3452 1202 3531 innumeras
1218 3451 1531 3531 inosculationes
1553 3450 1659 3531 inter
1676 3477 1718 3530 se
1743 3467 1784 3528 et
1800 3477 1950 3530 nervos
1970 3480 2033 3530 en·

668 3573 904 3677 cephalicos,
918 3573 1124 3655 mirabiles
1136 3575 1181 3653 in
1195 3600 1366 3683 corpore
1379 3576 1621 3655 suscitantur
1632 3573 2032 3681 motussymphatici,

666 3692 828 3803 vitaque
849 3698 1034 3801 organica
1052 3697 1211 3778 animali
1228 3697 1421 3806 jungitur.

719 3874 904 3958 Alterum
928 3893 1103 3984 systema
1124 3904 1320 3959 nemerim
1346 3896 1646 3986 coagmean
1667 3906 1716 3959 ex
1740 3874 1961 3983 sucophalo
1989 3891 2031 3953 et

667 3999 801 4079 nervis
825 4022 874 4075 ex
899 3996 977 4076 hoc
1006 3996 1369 4105 proficiscentibus,
1396 4002 1546 4111 quibus
1574 3999 1669 4082 addi
1696 4014 1864 4107 possunt
1895 4012 2028 4103 partes

664 4118 879 4222 peculiaris
906 4134 1136 4219 structurae,
1162 4147 1303 4202 sensus
1332 4150 1480 4227 organa
1511 4137 1668 4203 vocata
1698 4119 1872 4226 Huiusce
1902 4135 2027 4224 syste-

667 4241 784 4317 matis
805 4238 1010 4347 eottjunoti
1028 4241 1287 4345 intermedio,
1305 4228 1430 4323 homo
1448 4272 1542 4325 cnm
1562 4244 1685 4324 rebus
1703 4258 1815 4324 extra
1829 4268 1873 4321 se
1891 4242 2029 4349 positis

666 4357 744 4434 init
773 4363 1090 4462 commercium,
1129 4362 1242 4444 ideas
1279 4365 1512 4473 adipiscitur
1539 4390 1632 4447 suas
1670 4382 1711 4444 et
1746 4365 2027 4469 cognitionem.

719 4546 925 4634 Inferioris
946 4554 1099 4633 ordinis
1118 4579 1170 4633 an
1188 4556 1304 4637 mali'a
1321 4558 1363 4638 in
1383 4560 1533 4670 quibus
1553 4563 1622 4639 vix
1640 4577 1700 4640 ost
1718 4559 2029 4640 evolutetucere·

661 4663 807 4774 hrum,
837 4689 877 4750 et
916 4672 1113 4755 filamenta
1146 4676 1301 4787 aliquot
1332 4708 1478 4765 nervea
1507 4697 1727 4762 occurrunt
1757 4699 1935 4788 tantum,
1965 4683 2027 4758 in-
