4517 5867
614 624 641 696 6
867 614 1083 692 tostius
1105 616 1426 693 tunm-mm
1450 608 1722 688 snntsts‘r‘
1809 612 1825 638 ⁰

456 822 460 835 '
611 803 657 883 in
675 796 826 910 quibus
841 799 994 898 vincat,
1015 797 1060 877 in
1080 794 1231 907 quibus
1247 795 1451 898 vincatur,
1468 794 1569 907 quid
1589 795 1716 891 vitare
1736 791 1903 893 debeat,
1926 794 1977 875 ad

552 1024 556 1029 .
612 922 714 1031 quid
735 922 929 1030 aspirare,
951 918 1091 1016 alienis
1109 944 1183 1005 sua
1206 916 1475 1030 comparando
1497 918 1641 1028 etipse
1657 918 1920 1037 perscrutari,
1936 932 1978 997 et

611 1068 635 1119 a
655 1043 794 1151 peritis
811 1057 946 1152 potest
963 1039 1133 1125 edoceri.

661 1262 817 1342 Verum
840 1265 1002 1343 slantes
1026 1278 1271 1371 promovent
1296 1263 1503 1369 generales
1527 1265 1613 1345 istae
1631 1264 1979 1365 concertationes,

606 1387 657 1475 ,in
677 1385 1014 1470 Universitatibus
1040 1384 1210 1492 Belgicis
1231 1385 1365 1477 studia
1388 1404 1472 1466 non
1499 1386 1636 1472 minus
1660 1386 1828 1464 incitare
1855 1382 1979 1465 debet

612 1534 747 1587 annua
763 1507 1014 1609 solemnitas,
1030 1508 1074 1586 in
1094 1534 1177 1616 qua
1198 1495 1365 1588 rectoris
1383 1534 1533 1588 munus
1556 1508 1791 1614 deposimro
1812 1505 1980 1586 deman·

611 1625 751 1711 datum
767 1646 848 1732 est,
860 1646 908 1709 ut
923 1632 968 1709 in
982 1628 1072 1709 aula
1090 1627 1332 1731 academica,
1350 1655 1488 1709 coram
1506 1628 1727 1736 perillustri
1745 1642 1978 1707 curatorum

610 1750 802 1857 collegio,
830 1778 966 1831 coram
993 1767 1081 1831 toto
1109 1767 1252 1832 senatu
1276 1750 1506 1831 academico
1528 1776 1615 1829 non
1638 1764 1797 1829 tanmm
1821 1764 1980 1829 enarret

610 1898 811 1957 summam
832 1872 1017 1974 illorum,
1037 1898 1127 1983 quas
1151 1899 1261 1959 anno
1283 1874 1469 1981 proxime
1492 1872 1629 1980 elapso
1650 1874 1694 1959 in
1719 1871 1978 1953 universitate

609 2009 772 2099 peracta
786 2011 895 2092 sunt,
909 1992 1110 2074 sedetiam
1122 2010 1171 2074 nt
1185 1994 1374 2095 alumnis,
1387 2020 1565 2105 quorum
1580 1993 1782 2100 responsis
1791 1989 1844 2072 ad
1856 2015 1980 2100 quaes·

610 2114 742 2199 tiones
762 2140 786 2194 a
807 2114 965 2223 singula
991 2114 1180 2199 facultate
1206 2116 1432 2225 propositas
1455 2114 1626 2201 victoria
1651 2113 1788 2210 cessit,
1814 2110 1978 2221 publice

613 2232 828 2327 distribuat
849 2262 968 2315 aurea
989 2226 1231 2315 numismata
1250 2226 1342 2348 quae
1364 2263 1440 2341 per
1464 2235 1664 2345 reliquam
1688 2236 1813 2321 vitam
1841 2232 1977 2313 futura

609 2354 692 2439 sint
718 2380 803 2433 non
819 2356 1024 2479 aequivoca
1041 2353 1236 2455 solertiae,
1254 2380 1576 2463 magnorumque
1597 2358 1642 2434 in
1660 2354 1804 2451 smdiis
1822 2380 1978 2441 succes-

613 2499 735 2555 suum
752 2476 999 2575 testimonia,
1015 2492 1057 2553 ct
1073 2476 1188 2585 quasi
1202 2475 1538 2570 commendatitiae
1549 2476 1692 2597 optimi
1702 2474 1824 2579 Regis
1838 2473 1980 2559 litterae

610 2620 703 2703 qnae
720 2595 828 2671 viam
845 2592 1025 2700 pandant
1043 2593 1095 2675 ad
1111 2594 1308 2703 honores,
1325 2595 1539 2715 dignitates
1552 2612 1594 2676 et
1610 2592 1663 2679 ad
1679 2595 1809 2707 prima
1824 2596 1981 2705 qnaevis

608 2715 655 2803 in
672 2716 858 2809 societate
878 2716 1027 2805 munia,

661 2916 862 3007 Generosi
882 2918 1050 3021 juvenes
1070 2921 1305 3021 academici,
1322 2920 1659 3028 quandoquidem
1672 2919 1799 3001 vesei
1817 2917 1979 3007 labores

496 3110 498 3115 ,
597 3050 652 3129 et
672 3050 841 3120 conatus
863 3034 930 3115 hio
959 3036 1004 3113 in
1037 3037 1177 3117 oculos
1201 3039 1408 3121 incurrere
1416 3078 1436 3139 ,·
1447 3041 1555 3121 etin
1575 3039 1788 3148 publicam
1803 3070 1977 3153 sompes

607 3170 722 3249 ctum
747 3178 887 3237 omnes
918 3152 1083 3274 prodire
1110 3174 1345 3267 sequanum
1370 3156 1485 3269 quod
1508 3160 1562 3239 inv
1576 3188 1664 3245 rem
1683 3174 1859 3244 resma'm
1885 3165 1976 3249 fieri

512 3267 519 3279 '
594 3288 759 3382 potest,
791 3272 870 3354 hoc
895 3272 964 3357 die
987 3274 1032 3357 id
1052 3278 1162 3383 agite
1183 3276 1370 3377 solerttrt
1392 3282 1567 3392 quisque
1585 3308 1630 3361 se
1649 3282 1787 3389 ipsum
1803 3287 1976 3369 rimemc

592 3408 650 3485 ,et
664 3392 837 3500 judicet;
855 3397 1027 3498 quisque
1041 3398 1469 3511 immobilipcoposito
1479 3407 1850 3513 saeuae-sequenti
1864 3426 1974 3492 anno

605 3513 664 3609 ita
681 3510 1067 3618 uti,sicutpe1acto
1087 3533 1130 3599 ss
1148 3518 1367 3616 usumjam
1388 3524 1520 3600 senet.
1554 3571 1562 3597 ,-
1597 3568 1644 3594 1..
1700 3592 1705 3602 ,
1931 3574 1934 3581 -

593 3828 600 3839 ,
635 3719 714 3821 'Et
730 3730 857 3821 nolite
880 3731 1038 3839 gravari
1062 3732 1119 3833 sl,
1142 3745 1360 3841 antequam
1382 3732 1666 3843 honestissimo
1686 3742 1840 3848 cilicio,
1860 3706 1975 3863 quod

608 3852 709 3943 mihi
730 3853 965 3963 impositum
985 3869 1061 3957 est,
1083 3878 1158 3961 pro
1168 3855 1363 3941 tenuitate
1383 3884 1475 3941 mea
1494 3860 1749 3970 satisfaciam,
1766 3867 1858 3969 illos
1875 3872 2003 3975 ἰωῇ.-

605 3992 674 4055 rus
696 4000 862 4067 monere
880 3973 1050 4061 debeam
1069 3976 1144 4086 qui
1165 3975 1279 4083 prius
1295 3978 1446 4067 eruditi
1462 4008 1548 4070 esse
1567 3983 1712 4089 volunt
1734 4015 1860 4101 quam
1879 4018 1974 4090 em-

606 4086 708 4196 diri,
722 4096 794 4204 qui
814 4094 1046 4215 disciplinas
1059 4123 1197 4177 rerum
1213 4098 1457 4179 naturalium
1470 4100 1536 4181 rel
1555 4106 1724 4195 omnino
1740 4084 1975 4218 negligunt,

593 4212 671 4296 met
699 4215 867 4322 singtrlis
897 4208 1041 4295 harum
1070 4214 1253 4323 panibus
1288 4217 1484 4299 idoneum
1513 4203 1785 4307 «resumemus
1812 4232 1974 4342 teinpus

606 4360 713 4443 aegre
731 4334 942 4437 tribuunt,
959 4335 1032 4443 qui
1051 4356 1142 4415 suas
1160 4338 1446 4444 praecipitando
1465 4354 1609 4442 carras,
1628 4326 1816 4429 scientias
1825 4330 1972 4435 tuales

591 4456 750 4562 illotis,
776 4454 888 4567 quod
903 4457 1051 4570 ajunt,
1080 4456 1275 4541 manibus
1290 4471 1539 4545 contrectant
1560 4479 1603 4547 et
1622 4451 1812 4573 turbam,
1829 4475 1972 4581 spretis
