4517 5867
784 724 1033 803 ORDINUM.
1551 735 1592 809 31

280 911 365 991 Nec
396 910 560 1021 reliquae
592 909 888 991 dissertationes
915 939 990 1020 pro
1019 914 1234 991 certamine
1270 914 1446 992 literario
1479 916 1599 997 nobis

230 1034 371 1115 oblatae
398 1035 560 1114 silentio
590 1033 875 1143 praetereundae
908 1054 1011 1114 sunt.
1046 1037 1179 1115 Altera
1208 1038 1273 1115 cui
1301 1054 1361 1116 est
1388 1038 1598 1145 inscriptio

229 1160 315 1237 Fac
339 1176 379 1236 et
397 1185 513 1265 spero
533 1175 639 1238 recta
656 1158 697 1235 in
718 1156 961 1264 explicandis
979 1158 1080 1264 juris
1098 1160 1307 1266 principiis
1328 1160 1483 1239 ratione
1505 1158 1597 1239 fun·
1700 1253 1705 1259 ¹

230 1281 322 1360 data
335 1282 538 1387 praecipua
552 1278 690 1377 laude;
708 1278 830 1358 altera
846 1281 910 1357 cui
928 1297 989 1358 est
1002 1282 1235 1388 inscriptio:
1259 1284 1315 1361 Ut
1330 1281 1458 1361 desint
1474 1286 1595 1377 vires,

232 1419 367 1481 tamen
382 1419 440 1480 est
452 1401 665 1481 mactanda
686 1403 893 1494 voluntas,
916 1402 970 1481 ob
990 1430 1187 1482 summam
1208 1404 1383 1512 quicum
1396 1404 1599 1485 elaborata

232 1541 291 1605 est
302 1523 540 1603 industriam
549 1542 775 1608 memoratu
789 1526 910 1631 digna
921 1554 1003 1605 esse
1014 1525 1375 1637 videbaturzquare
1387 1530 1597 1635 utriusque

232 1647 384 1724 auctori
397 1645 559 1754 publice
574 1664 632 1747 et,
649 1648 681 1725 si
696 1648 794 1727 velit
808 1648 927 1728 nobis
943 1649 1119 1728 indicare
1135 1676 1285 1728 nomen
1304 1676 1444 1746 suum,
1466 1649 1598 1726 nomi·

232 1769 358 1847 natim
378 1767 539 1851 laudem
561 1772 746 1851 meritam
766 1771 945 1852 tribuere
969 1764 1230 1853 decrevimus.
1252 1772 1437 1879 Cumque
1459 1787 1599 1849 auctor

234 1888 518 1971 dissertationis
535 1893 682 1998 prioris

480 2084 671 2189 Georgius
710 2084 966 2164 Gouverneur
995 2110 1045 2160 ex
1082 2081 1344 2163 Oudenbosels

234 2298 384 2351 nomen
411 2298 530 2349 suum
559 2270 679 2349 nobis
708 2270 924 2366 indicavit,
955 2288 996 2347 et
1023 2286 1069 2348 ut
1096 2270 1259 2376 publice
1290 2273 1600 2369 nominaretur,

234 2392 353 2471 nobis
382 2392 593 2499 permisit,
615 2391 754 2498 juveni
785 2392 1037 2472 ornatissimo
1066 2390 1145 2471 hoc
1171 2391 1301 2471 laudis
1325 2392 1599 2471 testimonium

232 2512 413 2611 tribuere
434 2540 519 2592 non
540 2513 782 2594 dubitamus.
1191 2512 1199 2526 '

770 2734 1058 2767 -αοο--ι

488 2890 738 2969 JUDICIUM
765 2890 981 2969 ORDINIS
1007 2890 1339 2971 MEDICORUM.

289 3104 427 3180 Unum
453 3120 692 3205 responsum
713 3094 867 3201 accepit
888 3091 1069 3171 Facultas
1092 3092 1270 3194 Medica,
1288 3094 1353 3170 cui
1376 3070 1598 3204 prescripti

235 3238 332 3303 sunt
348 3218 535 3301 versiculi

611 3356 656 3429 te
673 3354 802 3421 dessein
820 3377 863 3420 en
882 3371 929 3421 est
945 3354 1063 3445 grand,
1077 3356 1108 3421 le
1125 3357 1238 3420 succes
1253 3354 1416 3434 mal-aisei3

612 3460 647 3525 Si
660 3464 694 3543 je
709 3462 773 3549 m’y
785 3461 897 3549 perde,
910 3482 951 3525 au
967 3460 1072 3525 moins
1082 3459 1195 3546 j'aurai
1210 3460 1383 3548 beaucoup
1397 3460 1461 3526 ose.

1182 3580 1230 3645 La
1244 3582 1424 3648 Forum.
1547 3581 1554 3593 '

289 3752 381 3833 Haec
402 3749 684 3830 commentatio
704 3746 887 3858 quamvis
905 3744 1092 3826 omnibus
1110 3747 1290 3826 numeris
1310 3748 1464 3826 nonsit
1483 3745 1600 3829 abso-

239 3876 339 3969 luta,
350 3874 494 3981 scripta
511 3890 571 3951 est
586 3872 704 3951 firmo
718 3870 894 3978 judicio:
909 3856 1045 3947 rerum
1059 3865 1307 3947 medicorum
1326 3869 1601 3972 coguitionem

236 4000 319 4106 jam
335 4015 586 4103 provectam,
612 4012 652 4074 et
673 3995 916 4103 aptissimam
944 3989 994 4069 ad
1023 3989 1165 4068 altiora
1186 3988 1319 4068 studia
1344 3989 1517 4069 auctoris
1539 3991 1602 4068 in·

242 4117 375 4198 dolem
387 4118 544 4197 indicat
554 4118 715 4197 Nomen
728 4115 805 4195 sub
820 4110 1008 4193 schedulis
1022 4127 1116 4190 erat.

242 4301 432 4384 Andreas
450 4300 580 4383 Celsen
598 4300 845 4393 Kleonruad,
853 4295 1368 4503 nepcdgergu-adzomam,
1392 4296 1605 4378 Medicina

744 4500 746 4510 ,
791 4424 854 4501 Ca
910 4424 927 4500 ι’
982 4440 1057 4500 tus.

248 4598 377 4706 Super
391 4593 664 4675 dissertatione
678 4590 917 4671 examinavit
930 4590 1092 4669 facultas
1106 4588 1404 4667 ornatissimum
1415 4584 1604 4693 juvenem

247 4746 469 4829 verumque
479 4734 682 4799 auctorem
697 4712 868 4821 agnovit.
881 4711 1012 4791 Palmd
1026 4712 1196 4817 dignum
1211 4736 1304 4789 eum
1318 4706 1603 4817 pronuntiavit.
