4517 5867
424 661 666 766 nuncupo
690 663 754 736 an
771 663 1077 754 uenenorum
1101 627 1391 745 noraurcue
1551 677 1601 782 a,

232 855 273 936 in
297 880 425 966 regno,
446 854 657 966 vegetabili
686 869 909 940 occurrunt.
942 875 987 938 2⁰
1015 860 1077 972 De
1109 862 1392 968 compositione
1420 865 1599 974 ipsarum

231 969 480 1066 diversarum
501 977 692 1118 partium.
723 975 769 1057 3⁰
798 977 858 1060 De
883 980 1049 1061 historie
1066 980 1343 1092 vegetationis,
1365 982 1511 1092 quibus
1529 989 1599 1068 ad·

228 1096 392 1208 jungam
410 1101 619 1222 ortygenii,
649 1099 824 1181 cerbonii
841 1113 880 1181 et
898 1103 1059 1183 luminis
1080 1101 1304 1185 efficaciam.

283 1303 543 1412 vegetabilia,
561 1306 663 1416 ignis
682 1309 739 1411 vi,
758 1310 800 1388 in
820 1325 991 1418 quatuor
1016 1304 1226 1407 elementa,
1249 1309 1504 1414 carboniam,
1522 1309 1601 1420 hy·

231 1422 480 1533 drogenium,
499 1430 758 1538 oxygonium,
781 1431 962 1539 quaedam
985 1431 1027 1510 in
1048 1433 1490 1531 azotumresoltuntur,
1508 1433 1602 1512 reoi-

230 1546 413 1629 dentibuo
431 1551 594 1662 insuper
614 1551 854 1660 quibusdam
870 1554 997 1663 magia
1018 1551 1347 1652 terrestribuemt
1359 1555 1460 1656 kali,
1473 1571 1602 1657 natro,

230 1670 357 1774 calce,
388 1672 531 1775 sinuo,
556 1671 685 1778 ferro,
709 1691 796 1756 tum
826 1673 978 1756 sulfure
1008 1693 1048 1755 et
1073 1675 1303 1786 phosphoro
1330 1674 1603 1760 efflorescenti·

231 1786 334 1895 hus,
360 1795 450 1904 quaej
478 1797 611 1876 omnia
629 1797 847 1880 secumdum
867 1797 972 1908 leges
987 1798 1344 1879 stoechiometricaa
1360 1819 1599 1905 componun·

228 1913 306 1996 tur.
338 1913 386 1996 In
416 1917 562 2026 plantis
590 1915 755 2000 minima
796 1921 918 2022 azoti,
951 1920 1124 2028 plurima
1162 1918 1362 2021 cerbonii,
1398 1933 1438 1997 et
1472 1915 1602 1998 media

231 2039 417 2148 ortygenii
430 2057 469 2120 et
481 2040 718 2152 hydrogenii
732 2043 833 2122 ratio
846 2043 1057 2126 invenitur.
1077 2043 1171 2122 Haec
1189 2043 1381 2121 elementa
1408 2038 1603 2149 principia
1653 2117 1658 2123 ,

229 2157 457 2242 immediata
494 2161 689 2268 formant,
720 2194 807 2274 quaa
834 2165 877 2243 in
906 2181 986 2244 tres
1021 2157 1165 2243 classea
1197 2157 1456 2262 dividuntur,
1488 2176 1528 2238 1⁰
1559 2161 1603 2237 in

230 2279 427 2385 principia
454 2285 498 2358 in
527 2285 672 2384 quibus
702 2283 903 2366 sufficiens
935 2273 1122 2394 oxygenii
1164 2302 1204 2363 et
1233 2283 1472 2384 hydrogenii
1502 2279 1603 2356 ratio

228 2398 334 2476 inest
359 2413 405 2477 ut
422 2425 524 2506 aqua
545 2413 773 2506 generetur,
796 2417 843 2476 2⁰
862 2400 904 2476 in
922 2397 1177 2506 principia'in
1195 2397 1340 2504 quibus
1362 2398 1488 2506 major
1508 2425 1606 2505 oxy·

230 2519 334 2627 genii
368 2520 470 2601 mtio
492 2519 602 2598 adest
628 2547 749 2626 quam
779 2519 822 2598 in
848 2519 991 2625 aqui,
1013 2514 1061 2596 3⁰
1100 2518 1143 2596 in
1175 2518 1369 2626 principia
1399 2546 1489 2626 quae
1509 2519 1601 2626 plus

229 2639 466 2750 hydrogenii
483 2642 696 2740 continent
717 2665 838 2748 quam
857 2665 936 2748 quo
954 2634 1198 2750 producatur
1217 2665 1330 2746 aqua.
1349 2637 1452 2718 Addi
1473 2654 1603 2747 potest

232 2761 369 2846 ¹cle'ooia
389 2777 530 2872 quarta
548 2791 636 2871 quae
662 2761 860 2872 principia
873 2779 1033 2856 azotum
1054 2761 1295 2845 continentia
1317 2751 1601 2870 complectitur.

238 2955 245 2974 ’
269 2951 346 3042 Μ
355 2964 527 3069 primam
537 2965 702 3038 niaeeom
712 2965 910 3064 pertinent
929 2958 1127 3060 amylum,
1140 2965 1372 3035 aaceharum
1386 2979 1425 3036 et
1435 2968 1603 3066 gummi3

234 3087 286 3167 ad
304 3083 539 3181 secundam,
555 3080 666 3160 acida
683 3077 936 3186 vegetabilia,
953 3075 1102 3156 scilicet
1119 3077 1276 3156 acidum
1293 3079 1502 3184 aceticum,
1514 3109 1605 3163 oxa·

234 3209 371 3310 limun,
388 3199 914 3304 tartaricum,.ouocinicum,
934 3213 1028 3291 etc,;
1047 3195 1098 3276 ad
1123 3195 1300 3295 tertiam,
1322 3200 1406 3279 olea
1434 3204 1600 3288 aetherea

237 3348 277 3410 et
293 3329 478 3438 pinguia,
495 3325 651 3426 resinae,
671 3338 767 3416 etc.;
785 3319 836 3400 ad
859 3308 1059 3426 quartam,
1080 3314 1380 3428 asparaginum,
1404 3321 1601 3437 indicum,

86 3459 89 3466 '
170 3467 173 3478 '
237 3453 394 3561 gluten,
413 3464 483 3529 etc.

245 3681 252 3690 =
291 3639 456 3716 Constet
472 3651 627 3742 partem
644 3629 993 3738 qnec'oxygenium
1012 3629 1054 3708 in
1072 3626 1259 3709 conflictu
1281 3627 1431 3711 virium
1448 3631 1605 3714 electro·

229 3759 503 3840 chemicarum
532 3754 695 3851 liberat,
721 3751 1012 3860 hydrogenium
1034 3749 1111 3832 eibi
1138 3750 1384 3862 adjungereg
1400 3781 1487 3854 eam
1508 3783 1603 3860 vero

233 3907 325 3991 'quae
340 3878 634 3988 hydrogenium
651 3875 846 3972 excernit,
865 3873 1107 3981 oxygenium
1125 3875 1349 3981 acquirere3
1370 3892 1410 3953 et
1424 3874 1606 3958 observa·

236 4021 325 4083 tum
344 3999 527 4109 estquod
546 3997 767 4080 substantia
791 4023 879 4103 quae
895 3994 1023 4074 alieno
1052 3993 1102 4074 ab
1125 3995 1602 4104 aliorumelementorum

240 4150 405 4206 numero
426 4124 490 4202 hio
519 4119 677 4202 obviarn
698 4118 824 4219 venit,
846 4116 980 4198 statim
1008 4115 1050 4194 in
1082 4115 1170 4222 ipso
1196 4142 1365 4196 occursu
1381 4116 1602 4223 immutari,

233 4245 391 4362 privari
404 4243 508 4341 aliie,
525 4243 611 4320 aliis
625 4257 757 4319 autem
775 4239 901 4319 imbui
921 4236 1146 4331 elementis,
1164 4235 1288 4316 donec
1305 4255 1412 4318 certo
1433 4268 1507 4320 suo
1527 4269 1601 4321 nu·

243 4394 352 4448 mero
378 4359 651 4472 aequiparetur.
676 4359 764 4440 Una
796 4361 939 4468 plantae
969 4355 1189 4438 substantia
1224 4358 1316 4437 nisu
1345 4360 1601 4469 vegetationis

205 4535 213 4550 =
243 4490 448 4597 diesipata,
467 4483 509 4562 in
527 4479 691 4562 totidem
710 4479 885 4564 ‹liversas
904 4481 1189 4562 elementorum
1209 4481 1464 4589 propriorum
1482 4485 1602 4565 ueniet
