4517 5867
341 590 723 672 COMMENTATIO
746 591 814 660 AD
835 589 1182 678 QUAESTIONEM
1205 593 1534 666 LITERARIAM.
1570 595 1616 668 33

258 795 320 862 cst
339 773 451 859 enim
469 773 583 888 quud
603 771 746 882 majori
771 797 847 852 nos
870 768 1019 878 gaudio
1042 768 1187 851 afficiat
1206 799 1329 882 quum
1350 775 1384 854 si
1412 799 1458 854 es
1482 776 1623 858 nobis..

256 920 354 981 cum
374 895 533 980 assidrm
557 915 792 1007 reputemus
817 918 908 1004 quae
933 893 1041 974 bene
1063 911 1255 1004 recteque
1280 892 1490 976 fecerimus
1522 919 1563 978 et
1586 905 1622 984 si

255 1045 494 1131 persuasum
516 1019 736 1102 habeamus
755 1018 892 1098 omnia
914 1043 991 1097 uos
1013 1015 1064 1098 ud
1087 1019 1283 1100 virtutem
1303 1015 1487 1103 tendisse
1504 1035 1546 1098 et
1564 1025 1623 1100 sio

255 1163 412 1226 naturae
446 1145 555 1251 leges
579 1145 624 1222 iu
649 1139 824 1222 vivendo
851 1166 1074 1250 numquam
1112 1167 1197 1221 esse
1234 1157 1538 1248 transgressos:
1575 1161 1624 1222 ut

257 1285 379 1347 rectae
395 1266 614 1347 voluntatis
639 1262 882 1344 conscientie
904 1259 995 1342 freti
1018 1278 1155 1342 nostra
1171 1263 1248 1370 ipsi
1270 1262 1372 1344 facta
1390 1259 1477 1342 aliis
1496 1262 1624 1371 expla-
1659 1350 1662 1358 ,

255 1413 357 1466 nare
378 1413 463 1466 non
488 1383 778 1465 erubescamus.
803 1377 946 1467 «Bona
967 1385 1077 1463 enim
1094 1383 1337 1466 conscientia
1356 1381 1520 1492 prodire
1537 1383 1626 1464 vult

256 1524 301 1587 et
330 1507 553 1616 conspici.»
587 1506 654 1614 (1).
687 1506 835 1587 Nullus
862 1523 996 1588 autem
1017 1511 1129 1589 testis
1148 1525 1232 1589 tam
1250 1505 1520 1588 formidabilis
1540 1523 1627 1610 est,

255 1656 393 1740 neque
413 1628 538 1738 judex
559 1645 643 1710 tam
663 1655 827 1710 severus
852 1653 974 1740 quam
998 1632 1261 1732 conscientie,
1282 1655 1372 1742 quae
1399 1630 1443 1710 in
1463 1643 1626 1742 pectore

254 1750 574 1868 uniuscujusque
592 1751 742 1834 insidet
757 1769 877 1870 atque
894 1751 1026 1842 delixa
1043 1771 1103 1837 est
1120 1754 1187 1860 (2)ss

813 1990 1025 2135 6ΧῙ·

316 2259 398 2340 Sed
422 2278 470 2339 ut
493 2257 740 2339 demonstret
765 2257 873 2366 apud
899 2262 1008 2368 ipsos
1030 2261 1233 2342 Romanos
1257 2287 1372 2341 senes
1398 2259 1517 2338 tuisse
1542 2284 1629 2337 ere·

261 2381 404 2462 ctioris
420 2375 591 2484 indolis,
611 2381 683 2491 qui
702 2381 854 2488 optime
871 2382 935 2463 usi
959 2381 1041 2460 sint
1058 2379 1275 2473 senectutis
1295 2379 1436 2477 armis,
1454 2403 1631 2458 summa·

259 2504 340 2582 tim
361 2501 594 2608 ‚praeclaram
623 2502 771 2611 Quinti
791 2503 917 2586 Fabii
931 2503 1056 2580 vitum
1073 2518 1158 2580 tam
1176 2501 1381 2609 publicam
1402 2525 1527 2612 quam
1546 2500 1631 2608 pri·

137 2714 144 2728 ,
191 2685 194 2689 -
262 2641 398 2702 vatam
427 2637 605 2724 enarrat,
634 2619 891 2730 ostenditque
919 2651 1042 2736 quam
1070 2625 1254 2705 Macrini
1285 2623 1453 2701 nomine
1483 2620 1631 2726 dignus

263 2742 388 2828 fuerit
412 2745 476 2824 vir
502 2745 848 2852 praestantissimus
871 2747 969 2856 qui,
992 2747 1122 2856 patrii
1145 2762 1286 2830 contra
1308 2761 1521 2826 externum
1545 2741 1629 2821 for·

264 2865 504 2952 midebiiem
529 2864 687 2944 bostem
716 2865 959 2946 Annibalem
983 2867 1168 2967 defensis,
1191 2867 1425 2969 dignitatem
1450 2891 1566 2946 suam
1588 2865 1633 2946 in

316 3104 365 3196 (1)
387 3101 528 3171 smcs
539 3101 644 3190 Epist.
659 3097 824 3166 LXXVII.
838 3115 915 3188 pag.
929 3097 1006 3185 609.
1019 3095 1134 3186 ibique
1146 3097 1244 3166 tusr.
1257 3097 1409 3164 Lnstus.
1421 3095 1521 3164 conf.
1533 3095 1633 3168 etism

268 3211 377 3302 Epist.
394 3207 514 3276 XLIV·
524 3229 600 3295 pag.
612 3205 690 3270 466.
872 3209 877 3217 ’

318 3363 365 3455 (a)
387 3361 443 3430 Sic
464 3359 670 3426 Possutus
697 3356 736 3422 iu
758 3353 958 3444 Fragments
981 3376 1001 3422 e
1023 3351 1144 3420 Codice
1170 3352 1330 3422 Urbinate
1352 3351 1514 3442 descripto
1541 3357 1636 3422 Libri

270 3469 395 3539 xvnt
406 3491 436 3533 e.
449 3467 504 3534 26.
515 3477 604 3532 extr.
615 3463 714 3530 Tom.
731 3460 790 3527 tv.
807 3485 883 3550 pag.
902 3463 958 3548 95.
975 3459 1120 3550 Sweigh.
1140 3483 1148 3527 :
1168 3457 1271 3537 Οὐδεὶς
1286 3460 1371 3536 οὕτως
1387 3457 1451 3526 οὔτε
1466 3463 1578 3550 μάρτυς
1592 3462 1638 3536 iffi

272 3573 400 3664 φθερός,
410 3572 473 3642 ela
487 3577 643 3662 κατήγορος
655 3566 753 3652 duic,
767 3571 836 3646 ὦςὴ
853 3569 964 3645 σύνεσις
978 3573 997 3644 ἡ
1020 3570 1223 3658 ἰγκατοικοῡσα
1235 3577 1296 3642 ταῖς
1308 3569 1423 3643 ἑκάςων
1436 3567 1542 3655 ψυχαῖς
1555 3588 1563 3633 :
1578 3565 1640 3632 ubi

273 3678 367 3746 conf.
385 3677 719 3744 Scmrouuusum
736 3675 932 3759 motatio,
947 3675 1048 3739 Tum.
1065 3674 1139 3742 Vll.
1159 3695 1235 3762 pag.
1259 3671 1336 3739 582.
1360 3673 1445 3741 Add.
1463 3673 1635 3764 egregium

271 3785 388 3852 locum
402 3782 441 3848 in
461 3780 633 3868 Frugmm.
651 3777 726 3844 Lib.
743 3777 849 3846 XVII·
870 3801 943 3868 cap.
969 3780 1022 3845 15.
1039 3789 1074 3843 et
1088 3778 1232 3846 Lusstm
1251 3778 1289 3845 in
1310 3779 1403 3846 Orat.
1421 3781 1542 3845 xxx-1.
1560 3801 1635 3868 pag.

275 3885 568 3971 653.s.ttore1.‚
585 3884 646 3949 ubi
660 3885 701 3951 de
719 3881 756 3951 vi
775 3883 982 3950 wnsoienttb
996 3883 1131 3950 eximie
1154 3886 1306 3973 quedem
1325 3885 1494 3950 mteutiae
1515 3885 1636 3974 proie-

272 4007 412 4063 runtur.
430 3991 569 4059 thsno
582 3990 624 4058 ad
642 3990 712 4059 Διί.
726 3991 801 4056 xn.
819 3987 875 4056 28.
896 3989 998 4057 «Mea
1017 3989 1105 4056 mibi
1120 3991 1317 4060 couscientia
1338 3990 1447 4081 pluris
1467 4003 1513 4056 est
1533 4013 1636 4081 quam

272 4098 433 4166 omnium
446 4119 599 4166 sermo.»
623 4096 759 4162 Tuscul.
781 4096 824 4161 Π.
846 4093 902 4166 26.
922 4095 973 4165 De
992 4096 1135 4184 Legibus
1153 4099 1197 4162 Π.
1218 4097 1253 4164 4.
1274 4096 1503 4164 Pulcherrime
1519 4111 1635 4165 auctor

280 4199 460 4270 Gallicus:
486 4201 733 4272 «Gemuieucel
756 4199 974 4270 conscience!
999 4200 1135 4268 instinct
1157 4201 1277 4287 divin,
1301 4201 1504 4270 immortelle
1523 4205 1635 4284 etod-

278 4313 359 4380 leste
377 4309 477 4393 ccix,
492 4310 592 4396 guide
612 4310 721 4374 mure
739 4308 823 4376 d’un
842 4309 912 4376 dtre
930 4309 1087 4397 ignorant
1105 4321 1140 4376 et
1158 4309 1283 4393 borne,
1301 4309 1385 4376 mais
1400 4309 1588 4396 intelligent
1601 4320 1636 4374 et

280 4417 386 4502 libre,
401 4415 480 4502 juge
496 4412 673 4481 infaillible
692 4413 740 4481 du
757 4413 836 4482 bieu
854 4426 890 4484 et
907 4414 955 4484 du
975 4415 1063 4500 mal,
1083 4416 1144 4503 qui
1163 4417 1264 4486 sends
1278 4413 1443 4486 l'homme
1456 4415 1635 4508 semblable
