4517 5867
772 640 1103 717 ntssttntnrto
1127 635 1337 707 MEDICA.
1396 665 1399 670 ’
1684 636 1734 729 49

375 848 600 929 molestiam
636 801 809 952 aliqum
835 856 962 949 ‘atque
997 833 1323 943 defatigationem
1350 833 1549 941 persentit
1573 821 1619 911 in
1648 846 1735 913 toto

373 997 566 1080 corpore,
584 954 753 1073 languor
779 961 957 1044 succedit
979 984 1072 1038 cum
1097 955 1349 1038 antecedenti
1376 957 1647 1033 commotione
1671 978 1735 1032 ra*-

372 1094 528 1173 tioncm
556 1106 728 1171 seruans.
758 1088 831 1167 Has
853 1086 961 1165 leves
987 1096 1097 1161 certo
1125 1098 1222 1161 sunt
1252 1077 1425 1189 sequela
1449 1076 1570 1185 hujus
1583 1074 1736 1185 puthe-

317 1199 321 1207 ’
372 1218 491 1296 matis
517 1232 600 1295 tam
629 1212 827 1309 ardentis,
854 1208 1139 1315 gravioresque
1170 1229 1221 1282 ex
1257 1228 1307 1281 eo
1335 1218 1442 1282 ortas
1472 1198 1669 1297 vidimus3
1695 1212 1740 1279 at

373 1355 476 1445 quot
506 1340 544 1417 ei
573 1336 786 1417 indulsisse
818 1360 903 1421 non
935 1324 1136 1437 poenitet?
1155 1322 1270 1401 Idem
1298 1320 1379 1399 dici
1406 1338 1539 1427 potest
1569 1322 1621 1401 de
1651 1321 1740 1399 aliis
1775 1355 1780 1362 ·
1863 1406 1870 1417 ‚

372 1458 583 1537 affectibus
611 1459 790 1558 ingratis.
811 1456 902 1556 lpse
922 1472 1036 1526 amor
1068 1458 1109 1523 et
1133 1441 1328 1547 gaudium
1352 1439 1742 1525 immodicrmmala

372 1574 593 1657 inducendi
610 1573 737 1657 multa
765 1570 980 1680 privilegio
1003 1565 1151 1649 donata
1179 1580 1284 1645 sunt

428 1836 522 1915 Sola
539 1840 615 1910 ista
630 1839 817 1933 coffitatio
836 1836 1044 1912 hominem
1059 1831 1110 1911 ad
1127 1830 1385 1936 reprimenda
1400 1826 1627 1938 pathemata‘
1637 1852 1740 1907 com·

377 1955 527 2063 pellere
547 1950 729 2050 deberet,
747 1965 788 2026 et
807 1944 953 2027 sufficit
970 1950 1199 2053 aliquando.
1218 1950 1285 2027 Sic
1305 1951 1490 2031 nonnulli
1508 1954 1578 2030 irac
1597 1978 1741 2059 seque·

379 2077 435 2154 las
460 2088 703 2169 metuentes,
729 2066 781 2149 ab
810 2096 855 2147 ea
885 2094 970 2149 sese
992 2066 1218 2165 abstinere,
1246 2080 1287 2145 et
1316 2066 1404 2145 aliis
1432 2064 1664 2166 affectibus,¹
1689 2096 1744 2148 ne
1790 2134 1794 2143 .

380 2196 545 2298 laedant,
564 2221 606 2277 sc
622 2191 857 2275 subtrahere
875 2206 1107 2301 potuerunt

443 2426 613 2535 Insuper
647 2440 790 2507 natura
823 2422 970 2532 objecti
997 2418 1109 2534 quod
1139 2419 1377 2531 perturbare
1400 2421 1580 2527 ,animam
1614 2434 1746 2529 potest

381 2548 458 2625 rite
476 2546 761 2656 dijudicanda,
790 2548 991 2658 hujusque
1014 2549 1192 2656 pretium
1222 2544 1478 2632 sumendum
1498 2561 1578 2642 est,
1594 2570 1658 2643 ,ne
1680 2569 1745 2621 ca-

382 2665 450 2739 dat
480 2672 650 2757 auinn'tt,
672 2669 740 2739 uel
769 2667 958 2740 offeratur
983 2668 1119 2745 latitia
1152 2668 1295 2749 leviori
1320 2694 1445 2759 causa,
1475 2666 1520 2768 Si
1548 2667 1642 2774 quis
1675 2663 1746 2741 de-

382 2780 525 2888 perdat
557 2780 761 2890 objectum
791 2777 905 2888 quod
933 2776 1237 2886 magnipendit,
1268 2779 1358 2857 sint
1377 2805 1414 2857 v.
1436 2805 1494 2883 gr.
1518 2780 1627 2877 bona
1652 2806 1749 2879 sua,

383 2904 553 2983 tristitiae
580 2901 792 3009 indulgere
812 2928 898 2984 non
923 2899 1064 3003 debet,
1087 2899 1160 2981 sed
1183 2899 1336 3008 judicio
1359 2917 1400 3003 et
1417 2902 1572 2981 ratione
1594 2918 1748 3003 utetur,

325 3034 328 3039 ’
383 3026 535 3135 quibus
557 3023 791 3131 docebitur,
820 3022 1003 3103 fortunas
1037 3025 1299 3127 istas-verum
1330 3024 1488 3108 bonum
1513 3023 1622 3107 haud
1644 3053 1747 3122 esse,

383 3148 620 3241 sanitatem,
647 3144 821 3227 liberum
850 3170 1042 3226 sensuum
1073 3147 1296 3258 animasque
1331 3147 1565 3231 facultatum
1597 3150 1748 3247 exerci-

383 3265 504 3366 tium,
523 3282 565 3344 et
590 3267 759 3346 virtutes
783 3294 847 3347 eas
871 3268 990 3373 longe
1017 3295 1229 3374 superare,
1256 3287 1298 3349 et
1319 3269 1428 3349 hisce
1452 3269 1554 3348 ideis
1583 3268 1747 3374 impleta

384 3382 536 3489 mente,
550 3390 709 3469 animus
730 3388 974 3499 tranquillus
991 3388 1149 3469 homini
1167 3390 1412 3491 servabitur,
1425 3404 1467 3467 et
1482 3417 1505 3466 a
1520 3415 1693 3468 moerore
1708 3406 1750 3469 et

385 3504 666 3616 desperatione
697 3512 769 3622 qui
801 3528 886 3595 tam
916 3510 1066 3595 multos
1096 3540 1118 3590 e
1153 3508 1288 3594 medio
1325 3508 1598 3606 sustulerunt,
1628 3510 1750 3589 nimis

382 3630 548 3713 sensiles
566 3648 606 3712 et
625 3635 794 3719 rationis
817 3648 1015 3755 expertes,
1033 3633 1229 3717 liberatus
1249 3633 1336 3713 erit
1358 3632 1400 3712 Si
1421 3633 1580 3739 gravior
1598 3646 1658 3711 est
1672 3629 1747 3739 jac-

383 3760 491 3847 tura,
517 3752 717 3859 patienter
735 3754 887 3835 feratur
913 3752 1206 3854 infortunium
1227 3757 1370 3836 animae
1391 3753 1617 3834 delectione
1639 3749 1748 3829 enim

383 3862 479 3948 huic
509 3897 595 3951 non
626 3881 885 3956 succurritur.
915 3882 1109 3959 Miramur
1138 3880 1402 3957 committam
1427 3874 1549 3951 enimi
1572 3876 1749 3965 Ama·

381 4016 509 4093 gom,
532 3996 605 4091 qui
626 3995 726 4079 dum
745 3996 954 4084 audiverat
972 3997 1024 4077 de
1041 4014 1173 4077 morte
1191 3987 1369 4067 filiorum
1384 4007 1569 4098 suorum,
1586 4018 1744 4099 respon·

386 4103 506 4185 debat
526 4132 535 4180 :
555 4134 575 4179 a
597 4102 773 4184 sciebam
796 4131 860 4184 me
884 4106 1068 4210 genuisse
1100 4109 1299 4189 mortales.
1321 4142 1342 4187 a

441 4346 597 4431 Eodem
615 4374 781 4461 quoque
806 4289 931 4432 modo
959 4351 1010 4431 ad
1037 4350 1192 4433 illatum
1212 4354 1365 4445 malum
1389 4352 1743 4440 attendens-bomo

390 4468 593 4555 moderate
612 4477 733 4585 atque
752 4472 959 4559 obfirmata
972 4478 1120 4577 anima,
1140 4475 1358 4563 ulciscendi
1375 4480 1459 4566 vim
1475 4506 1659 4563 coercere
1676 4510 1748 4591 po·

511 4598 572 4667 111.
1608 4630 1629 4700 7
