4517 5867
309 561 689 640 commutarant)
707 559 779 632 ul)
799 559 1155 650 Qufflsrlortsstt
1178 562 1512 635 erssasmsar.
1548 585 1611 634 ror

253 744 321 826 Sic
341 744 465 826 homo
484 744 557 856 qui
575 769 661 823 non
678 737 837 822 curabit
855 737 1052 838 honores,
1073 741 1241 824 minime
1263 743 1361 850 ipsis
1382 741 1516 850 egebit
1533 769 1543 823 t
1560 735 1621 829 sic
1660 711 1661 716 .

250 869 615 976 optimus‘quisque
626 864 834 974 princeps,
852 863 926 972 qui
939 889 1023 942 non
1033 863 1171 971 inepti
1185 862 1367 968 flagrabit
1378 865 1620 968 ambitione,

250 1015 329 1068 nco
353 987 557 1070 laborabit
583 986 635 1068 de
659 982 895 1094 regionibus
908 984 1149 1064 .ricinorum
1180 981 1471 1091 depopulandis
1499 1004 1623 1096 atque

252 1110 508 1218 subigendis,
523 1126 694 1220 patemo
711 1117 838 1214 reguo
855 1123 1084 1207 contentu,
1103 1133 1127 1185 a
1148 1106 1232 1188 suis
1254 1101 1423 1216 dilectus
1441 1109 1624 1214 quietam

256 1249 300 1314 et
314 1231 512 1340 placidam
529 1233 726 1337 transigct.
738 1231 882 1313 vitam':
901 1228 959 1310 sic
975 1229 1074 1309 item
1091 1231 1164 1338 qui
1183 1255 1267 1309 non
1283 1226 1434 1308 divitiis
1452 1219 1625 1308 inhiahi't

257 1379 335 1434 nee
358 1352 403 1434 id
426 1345 686 1434 'solummodo
709 1370 801 1457 aget
824 1368 871 1442 ut
898 1379 995 1459 opes
1015 1351 1095 1456 sibi
1121 1367 1162 1431 et
1183 1351 1371 1460 pecunias
1395 1365 1627 1450 coacervet,

253 1473 335 1552 illis
359 1501 449 1582 quac
468 1473 521 1552 ad
541 1475 695 1552 victum
716 1473 951 1584 cultumque
972 1475 1192 1554 necessaria
1213 1489 1308 1554 sunt
1330 1489 1558 1574 contentus,
1581 1473 1627 1552 iu

256 1594 469 1697 mediocri,
488 1621 579 1708 quae
600 1596 680 1705 ipsi
698 1593 860 1702 obtigit,
881 1595 1112 1677 conditione
1136 1595 1304 1676 divitem
1321 1621 1363 1676 se
1381 1583 1629 1705 praedicabit.

253 1715 352 1795 Non
375 1716 484 1796 enim
500 1731 583 1798 tam
606 1717 869 1827 possessionis
890 1738 1014 1830 quem
1037 1717 1227 1801 desiderii
1250 1735 1291 1799 et
1306 1721 1510 1828 appetitus
1532 1711 1627 1799 veria
1743 1799 1748 1808 ,

258 1852 323 1917 cst
346 1839 528 1946 privatio.
768 1863 771 1867 ’

266 2087 272 2094 ,
310 2007 419 2086 Huic
453 2025 590 2088 autem
621 2011 832 2118 Sophoclis
867 2041 1062 2126 responso
1094 2039 1216 2096 suum
1235 2014 1361 2122 ipsius
1387 2011 1628 2123 praeolarum

259 2125 412 2222 factum
424 2128 607 2236 adjungit
623 2131 731 2210 Cato.
746 2140 888 2233 Quum
900 2140 1010 2218 enim
1026 2140 1180 2230 Censor
1194 2155 1296 2212 essct
1310 2159 1403 2212 cum
1413 2132 1570 2235 Flacco,
1584 2135 1630 2212 L.

259 2247 525 2350 Flaminium,
552 2249 760 2331 hominem
784 2252 1065 2354 mulierosum,
1092 2255 1314 2363 ignominial
1335 2253 1561 2332 notandum
1586 2271 1630 2332 et

260 2386 408 2450 senatu
423 2371 673 2452 movendum
686 2369 1001 2480 judicavitdlle
1020 2375 1130 2454 enim
1148 2401 1277 2486 quum
1297 2391 1399 2453 emet
1420 2372 1568 2454 Consul
1585 2376 1631 2454 in

262 2491 412 2594 Galliai,
431 2509 618 2575 exoratus
637 2494 682 2572 in
698 2497 885 2575 convivio
904 2524 927 2575 a
946 2513 1080 2576 scorto
1100 2513 1177 2598 est,
1194 2511 1240 2576 ut
1257 2494 1387 2574 securi
1409 2492 1549 2574 feriret
1566 2494 1633 2574 ali·

262 2640 389 2720 quem
407 2639 565 2717 eorum,
582 2614 656 2723 qui
673 2614 904 2714 invinculis
922 2632 1055 2697 essent
1071 2615 1248 2696 damnati
1267 2619 1327 2696 rei
1347 2613 1542 2723 capitalis:
1563 2615 1633 2695 hic'
1666 2621 1672 2634 '

262 2737 371 2830 Tito,
385 2734 599 2829 fratremn,
614 2735 790 2824 Censore
804 2738 961 2846 elapsus
973 2757 1056 2839 est}
1070 2739 1171 2820 mihi
1183 2765 1281 2819 vero
1295 2754 1336 2816 et
1348 2737 1490 2817 Flacco
1506 2737 1647 2816 neoti·

263 2879 389 2964 quam
405 2851 568 2961 probari
585 2853 718 2958 potuit
732 2869 814 2948 tam
836 2851 1029 2958 flagitiosa
1047 2870 1187 2933 ettam
1204 2851 1361 2962 perdita
1377 2851 1523 2956 libido,
1539 2881 1632 2964 quae

264 3003 360 3058 cum
377 2974 531 3083 probro
552 2972 709 3080 privato
731 2971 991 3078 conjungeret
1008 2974 1169 3080 imperii
1195 2970 1368 3051 dedecus
1380 2973 1633 3080 platanor-

263 3095 365 3196 bilia
383 3122 479 3176 sane
495 3094 582 3174 haec
598 3109 640 3174 ct
656 3091 777 3200 digua
795 3093 975 3194 Catonis,
998 3121 1121 3203 quam
1138 3090 1300 3202 publice
1319 3119 1477 3202 semper
1497 3112 1631 3209 osterr-

264 3218 407 3320 dcbat,
438 3219 629 3325 gravitate
660 3232 701 3295 et
730 3214 965 3317 constantii,
995 3213 1067 3294 sed
1086 3241 1230 3324 parum
1259 3213 1425 3296 fortasse
1446 3222 1644 3325 congruit

264 3341 350 3423 haec
366 3340 507 3449 judicii
523 3340 711 3419 severitas
729 3364 823 3416 cum
843 3337 995 3444 privatd
1013 3335 1099 3445 ejus
1115 3335 1261 3442 agendi
1280 3338 1443 3451 ratione.
1465 3339 1633 3422 Constat

266 3465 397 3562 enim,
411 3463 446 3540 si
460 3457 628 3571 quidem
645 3457 857 3538 Plutarcho
871 3475 931 3537 est
950 3455 1050 3537 fides
1067 3457 1271 3559 habenda,
1287 3459 1481 3540 Catonem
1498 3459 1633 3568 ipsum

267 3582 350 3692 jam
368 3609 496 3690 prope
517 3581 766 3690 decrepitum
784 3579 970 3661 nondum
987 3579 1106 3690 plane
1118 3607 1144 3658 a
1158 3580 1375 3660 mulierum
1387 3584 1631 3662 commercio

266 3705 515 3786 abstinuisse.
534 3718 635 3795 Αὐτὸς
652 3727 699 3804 τῷ
714 3717 835 3810 σώματι
851 3716 927 3809 πρὸς
940 3709 1053 3794 εὐεξίαν
1065 3715 1117 3784 καὶ
1131 3717 1233 3809 ῥώμην
1251 3714 1392 3809 ἀσφαλῶς
1408 3719 1564 3810 πεπηγὸς,
1582 3717 1634 3786 ἐπὶ

269 3847 397 3920 arbiror
408 3843 631 3934 &stipanda
639 3839 758 3933 γυναικὶ
768 3835 989 3933 πρεεὸὼηςόε
1000 3831 1121 3934 σφόδρα
1127 3833 1377 3923 uladislaum
1383 3839 1587 3934 γῆμαιγᾶμον
1597 3845 1631 3908 οὐ

269 3959 337 4034 aad
352 3962 470 4037 aazia
486 3965 521 4030 la
533 3967 678 4040 torvitas
690 3963 879 4056 προφάσεως·
894 3952 1067 4032 lactata
1079 3965 1137 4037 τὴν
1150 3969 1299 4057 γυναῖκα,
1312 3971 1359 4054 τῷ
1373 3963 1427 4056 μὲν
1440 3969 1494 4054 ὑιῷ
1507 3966 1631 4034 lluu'lou

319 4204 367 4298 (1)
390 4201 518 4274 Similia
540 4201 712 4286 ,ceneris
728 4201 892 4295 gravitatis
912 4200 1064 4298 exempla
1080 4202 1215 4274 videatis
1237 4207 1326 4297 apud
1349 4205 1502 4273 rumam
1522 4204 1564 4272 Η.
1587 4203 1630 4273 Ν.

277 4313 414 4488 &1316
417 4311 437 4376 5
443 4324 488 4482 eetr
491 4311 538 4481 Illi
554 4311 599 4482 allo
613 4311 723 4482 (imm.
737 4311 780 4378 N.
796 4314 838 4381 Α.
854 4313 913 4382 lv.
928 4335 983 4381 so.
996 4315 1078 4381 lav·
1091 4313 1180 4380 XLI.
1195 4333 1249 4401 εγ.
1261 4325 1293 4380 et
1309 4313 1454 4382 vrum.
1474 4307 1630 4382 rareto.
