4517 5867
649 650 695 724 90
1036 622 1194 693 asana.
1220 600 1307 689 n‘c.
1333 618 1621 689 scnotmaar

648 825 750 935 quin
758 824 1032 902 auctoritatem
1042 820 1103 898 sui
1116 820 1250 897 mariti
1259 817 1321 897 vel
1329 817 1476 926 judicis
1485 812 1897 897 obtinueritl'l'ractat
1906 820 2021 899 illam

649 952 918 1061 quaestionem
927 948 1099 1023 Pornrsa
1109 944 1164 1049 (r)
1175 942 1407 1053 deciditque
1422 970 1527 1040 eam,
1540 942 1599 1018 uti
1615 965 1705 1018 eam
1717 955 1759 1018 et
1771 939 1891 1021 hodie
1910 943 2020 1023 deci-

654 1070 828 1165 dendam
859 1085 1058 1176 putamus.
1090 1067 1158 1145 Ait
1188 1094 1361 1175 nempe,
1395 1062 1512 1176 quod¹
1545 1064 1692 1143 mulier
1730 1082 1857 1173 nupta
1897 1067 2023 1174 possit

655 1193 947 1305 possessionem
968 1190 1195 1300 acquirere,
1217 1191 1319 1300 quin
1338 1186 1462 1269 ullam
1482 1188 1762 1267 auctoritatem
1777 1188 2022 1292 obtinuerit,

654 1317 750 1428 quia
775 1317 971 1423 possessio
997 1343 1080 1395 non
1101 1314 1202 1425 juris
1225 1314 1298 1395 sed
1323 1313 1414 1393 facti
1437 1330 1518 1410 est;
1543 1309 1653 1391 unde
1674 1314 1819 1393 merito
1843 1312 2021 1393 celeber-

653 1440 779 1518 rimus
808 1440 872 1517 hic
897 1440 918 1517 J
922 1438 1019 1517 Ctus
1041 1437 1243 1543 adjungit,
1261 1437 1393 1544 quod,
1412 1440 1445 1515 si
1459 1435 1606 1514 mulier
1623 1435 1719 1515 velit
1736 1463 1920 1515 exercere
1931 1435 2024 1543 jura

656 1589 703 1640 ex
722 1562 767 1639 ed
782 1558 1033 1666 possessione
1052 1558 1245 1658 orientia,
1261 1584 1419 1637 necesse
1431 1561 1504 1659 sit,
1522 1575 1570 1637 ut
1590 1560 1865 1648 auctoritatem
1883 1560 2021 1638 mariti

655 1683 719 1760 vel
736 1680 883 1785 judicis
902 1678 1085 1787 acquirat
1106 1694 1176 1755 art.
1195 1676 1272 1759 215
1292 1694 1333 1758 et
1351 1706 1426 1786 217
1446 1679 1545 1759 Cod.
1561 1679 1645 1758 civ.
1664 1680 1748 1759 Nec
1766 1678 1892 1760 refert
1909 1676 2023 1790 quod

657 1804 815 1902 minor,
842 1800 999 1879 tametsi
1024 1800 1205 1879 animum
1229 1800 1461 1909 possidendi
1488 1802 1573 1910 jam
1600 1801 1758 1900 habeat,
1782 1829 1868 1881 non
1895 1803 2025 1910 possit

657 1925 948 2033 possessionem
972 1950 1045 2031 per
1064 1950 1107 2002 se
1129 1927 1264 2031 ipsum
1290 1926 1521 2035 acquirere3
1554 1925 1749 2004 rationem
1772 1928 1884 2004 enim
1902 1922 2026 2030 hujus

657 2046 896 2154 disparitatis
917 2045 1160 2121 arbitramur
1179 2047 1395 2150 provenire
1413 2074 1464 2125 ex
1483 2045 1643 2126 diverso
1662 2075 1804 2127 eorum
1823 2047 2025 2153 incapaci-

657 2170 747 2247 tatis
776 2162 1173 2251 lundamento.,ldeo
1201 2166 1351 2247 scilicet
1380 2170 1516 2247 minor
1544 2197 1628 2248 non
1650 2187 1785 2278 potest
1809 2168 2027 2277 possessio-

660 2316 755 2368 nem
777 2314 850 2397 per
872 2314 914 2373 se
938 2288 1072 2395 ipsum
1094 2288 1323 2397 acquirere,
1345 2293 1463 2399 quia,
1483 2290 1613 2369 donee
1635 2292 1768 2399 major
1792 2291 1919 2370 factus
1944 2316 2030 2367 non

653 2398 729 2513 sit,
747 2408 811 2491 lex
831 2437 916 2507 non
936 2410 1115 2517 agnoscit
1133 2412 1178 2487 in
1196 2412 1284 2518 ipso
1305 2414 1484 2489 animum
1504 2412 1555 2489 ad
1575 2418 1874 2523 possessionem
1896 2412 2029 2491 effica-

661 2561 773 2631 cem,
802 2549 842 2610 at
870 2558 967 2610 vero
996 2532 1206 2608 necessitas
1232 2532 1494 2628 auctoritatis,
1518 2533 1598 2637 qud
1621 2532 1769 2607 mulier
1797 2532 2031 2640 quidquam

658 2650 889 2762 acquirendi
906 2652 1021 2727 causd
1037 2646 1207 2753 indiget,
1223 2676 1306 2727 non
1323 2650 1465 2730 nititur
1479 2676 1617 2727 earum
1631 2649 1864 2729 infirmitate
1882 2654 2031 2755 aetatis,

659 2774 851 2882 quoniam
870 2789 966 2857 tunc
984 2770 1114 2850 viduae
1131 2786 1175 2846 et
1189 2769 1278 2842 aas
1292 2797 1460 2875 quoque
1480 2770 1532 2850 ad
1554 2770 1710 2881 aliquid
1734 2771 2032 2883 acquirendum

661 2916 819 2972 necesse
838 2884 1033 2963 haberent
1054 2877 1258 2991 quoddam
1277 2884 1494 2988 auxilinm,
1516 2892 1587 2971 sed
1606 2894 1751 2972 nititur
1770 2894 1838 2973 illa
1858 2895 2034 2974 auctori-

660 3016 752 3094 tatis
770 3010 901 3092 mariti
921 3004 985 3087 vel
1003 3002 1149 3114 judicis
1167 3006 1374 3082 necessitas
1395 3020 1592 3123 potestate
1614 2994 1809 3107 maritali,
1831 3038 1921 3123 qnae
1937 3015 2033 3121 qui·

662 3137 754 3215 dem
791 3132 951 3243 obstat,
982 3128 1203 3239 quominus
1229 3125 1374 3205 mulier
1407 3128 1502 3229 sine.
1528 3130 1766 3211 auctoritate
1799 3132 1900 3242 quid
1933 3133 2034 3240 juris

663 3244 861 3365 acquirat,
882 3280 965 3331 non
989 3278 1084 3333 vero
1104 3252 1324 3361 quominus
1342 3250 1444 3360 quid
1463 3250 1562 3333 fast
1573 3270 1619 3331 ut
1640 3254 1936 3362 possessionem
1957 3254 2034 3334 adi-

664 3383 850 3491 piscatur.
878 3376 974 3455 Haeo
998 3374 1047 3483 de
1067 3376 1202 3453 animo
1222 3402 1331 3453 nune
1350 3373 1401 3454 de
1422 3376 1752 3491 apprehensione.
1769 3460 1774 3469 ι

594 3554 597 3561 ¹
687 3571 1021 3678 ..Apprehensio,
1049 3596 1139 3679 que
1163 3570 1208 3647 in
1234 3568 1480 3679 acquirendi
1507 3573 1759 3679 possessione
1790 3572 2029 3650 intervenire

669 3691 810 3796 debet,
833 3692 1054 3799 corporalis
1070 3694 1121 3771 sit
1141 3709 1301 3799 oportet
1319 3720 1369 3771 ex
1388 3710 1459 3771 art.
1482 3693 1590 3775 2228
1605 3694 1702 3775 Cod.
1720 3694 1803 3774 civ.
1818 3696 1871 3769 At
1886 3690 1949 3786 id,
1969 3691 2030 3767 uti

669 3818 719 3898 de
734 3819 831 3898 lure
850 3814 1379 3921 Romano,intelligendum
1393 3832 1452 3894 est
1468 3817 1516 3894 iis
1535 3818 1743 3912 derebus,
1762 3841 1853 3921 quae
1870 3813 1922 3891 ab
1943 3812 2031 3891 aliis

669 3968 754 4020 non
777 3939 1016 4034 traduntur3
1039 3961 1133 4017 nam
1157 3938 1189 4016 si
1219 3940 1310 4049 quis
1332 3938 1620 4046 possessionem
1648 3936 1766 4015 nobis
1787 3935 1943 4037 tradat,
1963 3950 2032 4014 aut

673 4067 705 4143 si
725 4090 813 4143 eam
826 4060 986 4141 volente
1001 4059 1143 4139 actuali
1160 4088 1386 4167 possessore
1404 4059 1774 4169 acquiramus,ficta
1787 4058 1953 4161 sufficit,
1970 4060 2031 4135 uti

676 4186 869 4297 expressis
886 4183 1061 4265 textibus
1078 4201 1187 4291 patet
1204 4202 1274 4263 art.
1303 4180 1419 4285 1604,
1445 4180 1544 4263 1605
1564 4199 1604 4261 et
1629 4182 1728 4263 1606
1749 4180 1848 4262 Cod.
1869 4182 1973 4281 Ciu,
1990 4180 2032 4257 in

675 4311 823 4419 quibus
839 4311 943 4389 inter
957 4306 1057 4386 facta
1069 4322 1252 4409 externa,
1268 4306 1417 4416 quibus
1435 4331 1498 4387 res
1516 4305 1762 4413 apprehensa
1779 4303 2030 4411 intelligitur,

720 4498 768 4587 (r)
789 4502 899 4567 Traite'
916 4502 1002 4566 dela
1020 4500 1201 4587 possession
1220 4522 1271 4565 nr.
1290 4499 1342 4577 48.
