4517 5867
636 674 885 747 nssronsro
910 674 1336 762 innumerum.
1628 679 1675 755 ot
1809 635 1815 642 ’

307 874 488 973 eod.L.4
503 874 547 955 C.
558 872 647 954 eod.
664 873 814 955 Contra
830 874 997 953 tertium
1015 887 1150 953 autem
1167 902 1436 983 possessorem
1454 905 1539 958 non
1556 857 1676 959 datur

306 998 350 1081 L
373 1026 397 1105 7
420 996 461 1075 ff.
478 995 586 1099 eod..
604 1022 679 1120 pec
703 998 869 1077 interest
892 1009 1030 1075 utrum
1048 994 1154 1075 mali
1178 997 1257 1078 fide
1282 1000 1404 1082 fuerit
1426 996 1502 1083 nee
1520 1029 1594 1100 ne;
1616 1022 1678 1083 est

308 1120 419 1201 eninr
439 1118 518 1201 hoc
537 1118 799 1201 interdictum
818 1114 1028 1226 personale
1046 1126 1289 1227 conceptum
1306 1121 1351 1199 in
1368 1148 1481 1226 enm,
1501 1128 1574 1231 qui
1591 1128 1676 1206 rim
1704 1221 1707 1228 4

306 1238 412 1327 fecit.
1337 1272 1350 1289 ··

359 1466 400 1544 N
401 1491 456 1544 on
477 1463 611 1545 solum
632 1466 745 1545 omni
768 1466 988 1574 possessori
1007 1481 1245 1574 competunt
1265 1451 1500 1572 interdicto,
1527 1468 1678 1579 quibus

259 1620 266 1631 ·
308 1588 604 1697 possessionem
623 1614 737 1667 suam
751 1589 817 1668 rel
834 1616 1074 1670 conservare
1092 1590 1157 1669 vel
1180 1616 1419 1697 recuperare
1432 1608 1585 1700 potest,
1605 1592 1678 1673 sed

310 1727 351 1791 et
366 1710 461 1801 licet
477 1710 646 1790 cuilibet
657 1712 878 1818 possessori
893 1712 1049 1820 privati
1066 1712 1139 1790 sui
1156 1711 1394 1792 auctoritate
1414 1716 1597 1795 resistere
1613 1715 1679 1816 ii's,

310 1837 382 1942 qni
405 1836 541 1942 ipsum
565 1832 616 1913 de
641 1835 894 1941 possessione
914 1832 1087 1940 dejicere
1112 1848 1335 1931 conantur,
1357 1850 1399 1924 et
1421 1836 1464 1913 vi
1483 1834 1679 1943 repellere

311 1984 396 2057 eos,
414 1958 486 2067 qui
506 1984 600 2039 cum
614 1958 736 2037 armis
755 1958 947 2056 veniunt,
968 1985 1054 2037 non
1078 1984 1129 2037 er
1151 1952 1365 2036 intervallo
1389 1953 1461 2036 sed
1483 1958 1529 2034 in
1550 1957 1679 2040 eonti-
1712 1982 1715 1987 ·

311 2083 424 2160 nenti
446 2097 487 2173 et
501 2078 681 2160 fervente
701 2077 832 2157 adhue
855 2104 1095 2185 congressu,
1117 2080 1215 2187 quia
1243 2076 1443 2162 aliusnon
1465 2095 1547 2157 tarn
1566 2074 1681 2157 vide·

312 2217 427 2279 retur
446 2200 626 2280 defensio
645 2199 736 2308 jure
753 2198 930 2279 neutrali
947 2200 1160 2308 permissa,
1180 2224 1305 2309 quam
1327 2198 1497 2278 offensio
1516 2212 1558 2277 et
1578 2196 1680 2275 ultio

312 2321 478 2426 privatis
501 2318 710 2429 prohibita
730 2322 774 2397 1.
799 2350 836 2417 r,
862 2319 983 2412 §23,
1004 2324 1046 2395 L.
1067 2319 1114 2418 3,
1143 2324 1170 2420 ς
1196 2332 1279 2423 pet
1305 2340 1349 2422 17
1370 2313 1411 2393 ff.
1445 2313 1496 2394 de
1520 2314 1562 2395 ri
1580 2330 1622 2395 et
1641 2314 1696 2399 vi

315 2468 412 2519 erm.
434 2444 540 2517 Hine
562 2442 596 2517 si
624 2438 802 2547 dejectus
828 2440 872 2519 in
898 2440 1124 2519 continenti
1149 2439 1200 2519 et¹
1216 2436 1397 2519 fervente
1418 2437 1552 2517 adhuc
1582 2458 1683 2520 eon·

316 2586 455 2665 gressu
473 2558 728 2668 dejicientem
745 2588 885 2641 rursus
907 2561 1069 2669 dejecit,
1087 2562 1288 2670 possessio
1302 2563 1347 2639 in
1365 2562 1575 2666 pristinam
1596 2585 1685 2638 cau·

316 2710 400 2883 {am
423 2685 757 2887 pptiupperersm
780 2710 903 2793 qnam
930 2682 998 2763 ille
1025 2686 1066 2764 vi
1089 2680 1295 2792 possidere
1315 2672 1600 2789 intelligendus
1625 2696 1685 2759 est

350 2864 359 2883 .
385 2834 448 2913 17v
484 2834 534 2887 ,e
595 2868 602 2883 .
1658 2823 1662 2829 “

765 2984 959 3067 ΙΒΕΟΤΙΟ
977 2984 1236 3067 SECUNDA.

421 3236 485 3314 De
503 3232 757 3340 possessionis
785 3227 1001 3309 eomnwdir
1026 3230 1103 3309 soli
1125 3230 1350 3336 bonoefidei
1368 3234 1584 3338 possessori

814 3458 820 3468 .
841 3352 1158 3461 competentibus.

369 3601 480 3677 Inter
506 3596 590 3678 haec
617 3595 882 3707 possessionis
910 3594 1124 3674 commoda
1143 3596 1343 3699 primum,
1363 3586 1476 3697 quod
1489 3574 1576 3665 ‘sibi
1595 3589 1685 3668 vin·

316 3721 423 3803 dicat
438 3720 591 3817 locum,
605 3718 798 3819 illudest‚
820 3714 933 3827 quod
952 3716 1167 3824 possessio,
1186 3712 1338 3793 scilicet
1354 3724 1552 3817 tempore,
1572 3710 1686 3818 quod

315 3845 554 3952 usucapioni
586 3844 867 3952 praescriptum
897 3856 982 3943 est,
1013 3836 1235 3945 completo,
1267 3834 1496 3916 dominium
1528 3831 1688 3941 adjiciat
1766 3934 1769 3938 1

315 3965 434 4047 bonae
457 3966 551 4048 fidei
568 3965 801 4076 possessori.

341 4230 344 4237 ⁴
369 4194 555 4274 Alterum
573 4205 650 4291 est,
668 4185 781 4299 quod
801 4186 956 4265 fructus
969 4184 1085 4265 faciat
1102 4187 1532 4294 percipientis3verum
1548 4195 1690 4270 autem,

325 4313 534 4423 quomodo
554 4312 656 4391 illnd
675 4314 727 4391 sit
744 4306 1075 4415 intelligendum,
1096 4308 1315 4390 videamus.

376 4522 578 4629 Imprimis
595 4547 680 4599 non
704 4477 960 4617 dubitamus,
983 4520 1084 4625 quin
1105 4517 1225 4599 bonae
1241 4514 1337 4597 fidei
1358 4539 1562 4621 possessor
1571 4511 1684 4621 ¹insto
