4517 5867
653 627 899 697 Responsio
925 630 989 707 sn
1011 626 1175 716 Quasi.
1202 627 1340 696 sertin.
1623 651 1665 721 91

302 842 370 911 aut
388 824 439 905 de
467 824 556 934 J'ure
575 851 650 933 pro
671 824 920 935 apprehensa
940 822 1136 923 habetur,
1150 840 1438 912 annumeratur
1455 828 1574 905 etiam
1593 827 1670 909 iac-

299 970 387 1031 tum
415 950 646 1034 traditionis
668 947 851 1029 clavium.
870 944 989 1030 Unde
1008 949 1134 1055 quaeri
1158 964 1304 1055 potest,
1325 965 1483 1051 utrum,
1504 949 1668 1029 utillud

298 1072 449 1155 factum
465 1073 516 1155 de
532 1076 628 1155 Jure
647 1071 858 1153 Hodierno
873 1070 933 1149 uti
949 1068 1000 1151 de
1017 1072 1113 1151 Jure
1127 1072 1311 1156 Romano
1324 1074 1430 1156 vices
1446 1074 1667 1181 corporalis

299 1196 630 1304 apprehensionis
646 1194 859 1301 fungatur,
875 1220 1032 1275 necesse
1050 1192 1122 1293 sit,
1138 1212 1185 1273 ut
1203 1194 1331 1272 claves
1344 1195 1388 1272 in
1404 1223 1448 1271 re
1461 1197 1666 1300 praesenti,

296 1318 340 1398 id
359 1337 437 1417 est,
452 1319 561 1427 apud
575 1320 783 1420 horreum,
798 1320 840 1397 in
856 1345 941 1428 quo
957 1344 1020 1397 res
1033 1316 1197 1399 inclusae
1213 1315 1565 1412 sunt‚tradantur.⁰
1578 1320 1666 1395 Hoc

295 1439 479 1545 exigebat
498 1442 541 1521 L.
565 1440 615 1547 74
634 1440 674 1519 ff.
697 1441 748 1519 de
762 1458 887 1523 contr.
913 1457 1056 1547 empt,
1076 1439 1148 1519 uhi
1171 1438 1321 1520 dicitur
1340 1439 1402 1518 :si
1421 1435 1540 1517 claris
1559 1436 1667 1545 apud

297 1560 443 1642 horrea
475 1560 631 1642 traditae
662 1564 751 1643 sint.
779 1564 956 1645 atvero
987 1561 1121 1641 nulius
1152 1579 1224 1641 art.
1251 1559 1413 1641 videtur
1440 1559 1667 1647 huchodie

294 1686 531 1793 requirere,
567 1712 692 1794 quare
725 1700 912 1791 putamus
945 1709 1038 1761 curn
1066 1686 1240 1763 Porrima
1268 1685 1361 1793 (t),
1392 1683 1666 1766 conditionem

293 1805 403 1883 illam
417 1832 500 1884 non
512 1806 685 1911 amplius
696 1807 883 1884 exsistere
899 1803 1063 1901 debere,
1073 1822 1120 1882 ut
1134 1804 1235 1883 facto
1249 1805 1479 1884 traditionis
1491 1806 1666 1884 clavium

291 1954 356 2006 res
371 1954 446 2034 pro
466 1926 717 2035 apprehensis
727 1925 950 2027 habeatur,
970 1928 1025 2005 ita
1045 1943 1112 2026 ut,
1133 1926 1227 2005 lieet
1243 1927 1408 2005 traditio
1427 1927 1601 2016 clavium
1622 1931 1665 2007 in

292 2076 337 2129 re
355 2050 539 2157 praesenti
558 2048 752 2148 nuntiat,
771 2075 856 2127 non
875 2048 967 2135 ideo
987 2049 1123 2127 minus
1138 2073 1201 2127 res
1216 2077 1293 2155 pro
1311 2049 1570 2159 apprehensis
1586 2052 1666 2130 sint

291 2169 501 2249 habendae.

345 2406 544 2485 Ceterum
563 2428 646 2482 non
665 2402 799 2483 solum
820 2405 1119 2511 possessionem
1138 2430 1213 2513 per
1229 2423 1389 2485 nosmet
1405 2407 1515 2514 ipsos
1532 2408 1604 2487 sed
1622 2427 1662 2487 et

290 2554 363 2634 per
378 2526 493 2630 alios,
504 2544 549 2605 ut
562 2543 841 2634 pertutorem,
857 2544 1085 2607 curatorem
1103 2545 1436 2635 procuratoresve
1453 2531 1661 2641 acquirere

284 2675 497 2754 possumus
526 2666 598 2728 art.
634 2648 741 2729 2223
771 2649 871 2729 Cod.
908 2650 994 2730 Civ.
1024 2648 1105 2730 Sed
1134 2649 1185 2729 ad
1218 2650 1294 2730 hoc
1319 2677 1480 2731 necesse
1507 2670 1590 2751 est,
1616 2669 1663 2732 ut

286 2770 460 2849 habeant
482 2773 665 2850 animum
689 2775 982 2877 possessionem
1007 2773 1128 2853 nobis
1154 2773 1389 2873 acquirendi
1403 2793 1478 2874 ,at
1501 2792 1549 2854 ut
1570 2775 1662 2884 quis

285 2892 404 2997 hujus
422 2894 546 2971 animi
564 2895 617 2971 sit
636 2920 779 3000 capax,
797 2915 957 2969 necesse
976 2901 1056 2982 est,
1076 2900 1123 2963 ut
1140 2885 1267 2990 possit
1283 2884 1521 2967 mandatum
1535 2902 1660 2971 susci-

285 3038 393 3119 pere.
409 3010 515 3089 Hinc
533 3033 606 3114 per
621 3007 906 3103 interdictum,
921 3031 995 3114 per
1013 3006 1233 3108 minorem,
1246 3009 1403 3087 tametsi
1418 3007 1505 3117 jam,
1515 3010 1662 3093 habeat

287 3135 537 3215 intellectum
546 3130 894 3241 possidendi,non
909 3156 1124 3239 possumus
1134 3134 1341 3243 acquirere
1350 3136 1660 3244 possessionem,
1766 3144 1770 3151 '

288 3260 385 3365 quia
411 3257 645 3338 mandatum
673 3256 875 3363 suscipere
901 3274 1113 3366 nequeunt
1142 3272 1212 3336 art
1243 3257 1341 3339 1123
1366 3278 1407 3339 et
1435 3260 1534 3355 1124
1559 3259 1658 3340 Cod.

289 3379 374 3459 civ.
406 3377 530 3459 Aliud
566 3396 701 3459 autem
730 3378 889 3458 obtinet
914 3378 965 3458 de
992 3380 1161 3459 muliere
1190 3383 1234 3465 in
1261 3398 1459 3489 potestate
1484 3380 1658 3460 maritali

286 3502 525 3603 constitute,
543 3485 641 3581 item
661 3500 713 3581 de
731 3502 889 3581 minore
908 3502 1179 3609 emancipato,
1202 3502 1244 3579 hi
1261 3504 1371 3579 enim
1391 3516 1529 3580 exart
1560 3526 1659 3608 ¹99⁰

287 3622 386 3699 Cod.
406 3623 492 3702 Civ.
507 3621 742 3702 mandatarii
756 3650 841 3701 esse
852 3642 1036 3732 possunt,
1049 3640 1091 3704 et
1098 3622 1271 3731 proinde
1280 3622 1400 3703 nobis
1411 3625 1533 3702 etiam
1542 3623 1658 3729 igno-

285 3741 491 3841 rantibus,
505 3742 550 3822 id
567 3762 648 3847 est,
667 3744 760 3823 licet
771 3772 856 3825 non
868 3747 1047 3836 ‚adamus
1063 3763 1317 3826 momentum
1337 3775 1420 3857 quo
1438 3775 1502 3827 res
1521 3773 1659 3855 appre-

284 3864 496 3964 henditur,
512 3868 808 3974 possessionem
828 3868 1039 3976 acquirere
1057 3884 1127 3945 art.
1153 3868 1258 3947 asad
1280 3868 1379 3947 Cod
1408 3870 1491 3950 civ.

340 4109 546 4209 Quaeritur
555 4112 747 4210 autem,si
760 4111 927 4218 quidam
944 4112 1095 4189 amicus
1109 4112 1383 4220 apprehendat
1397 4116 1654 4222 mihiposses·

290 4227 472 4330 sionem,
501 4230 604 4335 quin
632 4231 669 4307 ei
699 4229 777 4307 hoc
807 4231 1078 4330 mandassem,
1099 4261 1151 4313 an
1173 4238 1307 4317 statim
1328 4266 1376 4317 ae
1399 4265 1486 4317 rem
1509 4230 1650 4345 appre-
1781 4283 1784 4287 1

339 4496 387 4584 (r)
401 4500 510 4565 'l'raitd
527 4498 573 4566 du
588 4499 677 4566 droit
692 4501 734 4569 de
750 4502 905 4572 ddmaine
921 4506 963 4572 de
979 4528 1089 4594 propr.
1105 4530 1155 4604 nr.
1172 4532 1243 4599 ¹99·
1343 4532 1349 4548 ·
