4517 5867
610 642 659 717 66
1013 638 1172 711 FRANC.
1196 634 1284 707 sle.
1310 634 1600 705 SCHOLLAER'I'

613 840 730 923 metsi
744 839 840 920 inde
849 840 901 919 sit
912 836 1038 917 factus
1059 835 1316 944 locupletior,
1334 848 1423 914 tum
1442 833 1539 943 quia
1557 839 1817 933 consumptos
1835 824 1992 907 lucrari

615 964 763 1045 dicitur
782 965 824 1044 L.
845 962 888 1062 4,
908 963 934 1058 §
953 990 978 1041 n
997 959 1038 1039 ff.
1057 958 1200 1037 finium
1212 954 1399 1063 regund,
1417 954 1563 1034 lucrari
1577 968 1715 1031 autem
1730 976 1816 1029 non
1833 952 1994 1033 videre·

614 1102 700 1184 tur,
718 1086 791 1193 qui
816 1086 1005 1181 restituit,
1029 1098 1229 1193 quatenus
1248 1075 1492 1187 locupletior
1512 1093 1573 1155 est
1592 1073 1736 1174 factus,
1764 1074 1838 1154 sed
1860 1079 1995 1181 magis

615 1211 652 1289 ei
681 1208 839 1288 lucrum
867 1224 1194 1318 extorqueretur,
1216 1222 1306 1287 tum
1337 1202 1460 1285 etiam
1482 1201 1579 1311 quia
1600 1196 1818 1279 delinitum
1843 1216 1918 1297 est,
1937 1198 1995 1277 de
2072 1226 2077 1233 ·

615 1332 862 1440 consumptis
879 1334 942 1439 agi
962 1359 1046 1413 non
1064 1358 1193 1440 posse.

665 1580 726 1657 Ex
745 1575 862 1655 dietis
882 1589 1008 1681 patet,
1028 1572 1182 1665 nullam
1193 1570 1246 1651 de
1264 1571 1355 1679 jure
1368 1572 1554 1649 Romano
1564 1565 1787 1647 faciendam
1803 1594 1890 1649 esse
1909 1568 1992 1649 dis·

611 1700 853 1777 tinctionem
870 1697 978 1773 inter
999 1692 1154 1773 fructus
1175 1693 1376 1773 naturales
1393 1710 1434 1773 ct
1449 1691 1725 1792 industriales,
1743 1693 1829 1771 sive
1850 1706 1994 1798 agatur

611 1817 824 1898 decorum
845 1818 1111 1927 acquisitione
1133 1818 1219 1897 sive
1247 1815 1299 1899 de
1328 1842 1472 1895 eorum
1491 1816 1771 1915 restitutione,
1793 1813 1994 1922 adquam

609 1938 728 2019 bonae
747 1938 841 2018 fidei
868 1965 1072 2047 possessor
1097 1938 1266 2019 domino
1291 1940 1596 2047 supervenienti
1620 1956 1660 2018 et
1682 1964 1767 2017 rem
1783 1965 1899 2017 suam
1922 1964 1992 2016 re-

609 2061 760 2169 petenti
772 2077 944 2140 tenetnr.
956 2060 1083 2167 Cujus
1093 2060 1196 2163 haec,
1208 2078 1256 2141 ut
1272 2044 1391 2170 puto,
1408 2080 1468 2141 est
1488 2064 1591 2143 ratio
1606 2090 1616 2141 τ
1630 2061 1722 2142 ideo
1741 2088 1890 2169 nempe
1910 2060 1993 2139 llo·

609 2186 717 2263 mani
739 2184 892 2263 nullam
913 2184 1020 2261 inter
1037 2180 1192 2261 fructus
1210 2184 1412 2265 naturales
1428 2200 1468 2266 et
1485 2182 1744 2266 industriales
1763 2183 1995 2264 distinctio·

609 2332 705 2382 nem
734 2303 1002 2401 admiserunt,
1025 2306 1120 2413 quia
1142 2307 1176 2383 si
1197 2307 1304 2385 inter
1328 2334 1398 2386 eos
1428 2307 1729 2411 distinxissent,
1755 2306 2006 2388 debuissent·

608 2423 835 2507 secuudum
851 2428 873 2506 J
876 2452 922 2506 us
941 2426 1103 2505 Naturae
1123 2452 1196 2504 seu
1214 2428 1410 2505 Gentium
1424 2426 1574 2522 dicere,
1590 2427 1710 2505 bonae
1723 2429 1820 2505 fidei
1840 2456 1998 2534 posses·

608 2574 742 2629 sorem
763 2548 916 2627 fructus
940 2544 1195 2628 industriales
1222 2544 1352 2624 facere
1378 2545 1699 2624 irrevocabiliter
1716 2572 1829 2646 suos,
1852 2550 1900 2625 ed
1921 2578 1992 2627 ra-

607 2670 717 2751 tione
749 2667 862 2777 quod
890 2666 985 2745 curel
1013 2684 1054 2747 et
1082 2665 1239 2746 cultura
1263 2667 1335 2746 sud
1362 2694 1434 2746 eos
1460 2668 1665 2776 percepit3
1695 2686 1861 2750 econtra
1885 2696 1992 2751 vero

607 2790 805 2869 naturales
824 2790 900 2897 ipsi
919 2788 1063 2869 cedere
1084 2817 1170 2868 non
1190 2790 1436 2889 potuissent,
1447 2817 1541 2868 nam
1558 2790 1602 2868 hi
1618 2789 1773 2870 nullam
1791 2818 1932 2871 curam
1950 2810 1997 2873 et

608 2914 808 2992 culturam
821 2902 1097 2985 desiderantes
1109 2901 1347 2982 naturaliter
1356 2934 1406 2983 ex
1420 2914 1742 3013 reproveniuut,
1758 2931 1801 2987 et
1814 2915 1994 3017 proinde

607 3060 694 3114 non
716 3030 793 3111 nisi
815 3026 983 3107 domino
1003 3025 1063 3104 rei
1082 3022 1226 3104 cedere
1244 3043 1435 3133 possunt3
1455 3028 1627 3107 Romani
1647 3047 1785 3109 autem
1803 3033 1994 3115 videntes
2049 3049 2054 3057 ’

606 3157 847 3266 plerumque
876 3147 1162 3229 difficillimum
1181 3174 1267 3227 esse
1295 3146 1546 3248 discernere,
1570 3178 1623 3231 an
1640 3152 1810 3263 quidam
1834 3154 1993 3237 fructus

608 3282 807 3360 sintmere
824 3272 1044 3377 naturales,
1056 3300 1108 3351 an
1121 3301 1221 3353 vero
1239 3269 1511 3373 industriales,
1529 3302 1615 3355 non
1632 3277 1875 3383 ignorarunt
1889 3278 1990 3359 illud

608 3428 727 3509 posse
750 3398 931 3510 praebere
953 3397 1164 3475 materiam
1185 3393 1324 3476 multis
1348 3394 1508 3497 litibus,
1529 3417 1805 3506 quapropter,
1833 3420 1880 3481 ut
1902 3402 1989 3483 lites

612 3522 707 3603 inde
726 3522 952 3601 nascituros
970 3517 1304 3628 praescindereut,
1325 3518 1519 3599 dixerunt
1534 3546 1543 3597 ε
1557 3536 1796 3625 statuamus,
1812 3525 1988 3602 utbonae

611 3642 706 3721 fidei
724 3667 930 3749 possessor
948 3647 1137 3721 restituat
1157 3641 1325 3721 domino
1346 3645 1649 3751 supervenienti
1671 3672 1812 3726 omncs
1828 3645 1985 3723 fructus

565 3848 570 3857 ,
612 3782 810 3847 exstantes
825 3790 909 3844 non
923 3782 1142 3873 usucaptos
1157 3766 1245 3844 sine
1260 3764 1539 3871 distinctione,
1558 3796 1610 3847 an
1627 3771 1709 3849 sint
1724 3764 1985 3847 industriales

612 3919 665 3972 an
693 3917 790 3971 vero
810 3887 1031 3985 naturales,
1053 3905 1166 3967 atne
1189 3888 1286 3969 inde
1310 3889 1412 3970 nihil
1441 3890 1587 3998 injuste
1611 3890 1788 3986 oriatur,
1811 3888 1988 3969 retineat
2082 3904 2089 3919 ’

610 4014 689 4093 sibi
708 4012 940 4093 indistincte
959 4032 1383 4122 omnesconsumptos.
1399 4011 1741 4119 Patetergo,illnd
1753 4038 1988 4119 compensa-

611 4140 724 4217 tione
744 4137 917 4248 quddam
936 4136 1160 4217 stabilitum
1179 4166 1264 4219 esse
1284 4140 1335 4219 ad
1356 4135 1681 4247 praescindendas
1696 4136 1806 4237 lites,
1830 4161 1921 4245 quae
1942 4139 1986 4216 in

612 4256 900 4364 discernendo,
914 4289 964 4339 an
979 4260 1061 4339 sint
1079 4260 1232 4341 fructus
1256 4264 1458 4345 naturales
1483 4287 1535 4342 an
1554 4252 1833 4358 industriales‚
1857 4262 1988 4339 nasci·

608 4397 710 4459 turac
728 4399 865 4479 erant3
885 4381 995 4462 unde
1017 4397 1058 4460 et
1083 4382 1186 4463 illud
1213 4383 1419 4465 observari
1439 4403 1594 4494 potest,
1618 4382 1732 4494 quod
1751 4384 1870 4463 bonae
1890 4376 1986 4462 fi'dci
2119 4413 2124 4421 ’

607 4527 811 4605 possessor
837 4533 922 4586 non
948 4504 1064 4585 faciat
1092 4531 1233 4587 omnes
1252 4506 1407 4587 fructus
1428 4507 1575 4589 eodem
1593 4509 1682 4614 jure
1703 4534 1820 4612 suos,
1838 4504 1977 4587 indus·
