4517 5867
283 690 1652 726 ἈἈΜΜΜΜΜΜΜἈἎΜΜΜΜΜΜΜΜΜ

668 932 892 1039 CAPUT
935 930 1266 1037 TERTIUM.

541 1222 800 1366 Quomodo
839 1222 1098 1323 retineatur
1122 1219 1407 1361 possessio?

365 1502 492 1581 Sicuti
512 1498 822 1607 ¹possessionem
850 1526 936 1580 non
967 1500 1099 1579 solum
1136 1528 1211 1609 per
1239 1514 1401 1578 nosmet
1425 1501 1564 1608 ipsos,
1593 1502 1666 1582 sed

295 1627 417 1705 etiam
437 1650 510 1731 per
526 1621 626 1701 alios
650 1623 919 1733 acquirimus,
948 1624 1004 1700 ita
1025 1624 1147 1702 etiam
1166 1639 1206 1700 et
1225 1649 1298 1730 per
1317 1640 1476 1702 nosmet
1499 1624 1609 1732 ipsos
1627 1642 1669 1703 et

295 1777 368 1859 per
400 1747 497 1827 alios
519 1774 608 1827 eam
629 1748 860 1826 retinemus.
888 1747 994 1825 Hinc
1016 1744 1226 1827 divisimus
1250 1746 1328 1825 hoc
1354 1765 1473 1855 caput
1498 1749 1543 1827 in
1570 1747 1669 1827 duas

296 1874 515 1975 sectiones,
536 1899 709 1983 quarum
726 1873 771 1951 in
794 1872 921 1980 priori
940 1868 1171 1951 videbimus
1195 1870 1246 1950 de
1265 1872 1491 1950 retentione
1513 1897 1670 1978 posses·

297 1998 440 2100 sionis,
457 2024 548 2105 quse
564 1994 610 2076 fit
624 2023 698 2095 per
710 2011 871 2074 nosmet
889 1996 1013 2091 ipsos,
1034 1997 1077 2073 in
1097 1993 1315 2092 posteriori
1332 2020 1431 2075 vero
1444 1993 1600 2095 agimus
1621 1988 1672 2068 dc

304 2118 534 2192 retentione
554 2107 833 2215 possessionis,
856 2132 945 2213 quae
966 2104 1010 2184 fit
1025 2134 1098 2213 per
1117 2106 1227 2185 alios.

795 2382 987 2479 SECTIO
1015 2386 1189 2465 PRIMA.

334 2622 340 2633 ·
468 2590 680 2695 Quomodo
699 2593 918 2673 retineatur
922 2598 1112 2703 possessio
1124 2626 1204 2707 per
1220 2618 1372 2681 nosmet
1390 2604 1521 2711 ipsos?

362 2832 549 2914 Vidimus
570 2832 620 2913 ad
647 2833 934 2943 acquirendam
962 2839 1257 2944 possessionem
1280 2841 1504 2921 necessario
1530 2847 1684 2956 requiri

178 2972 185 2982 '
310 2986 457 3066 corpus
477 2960 517 3041 et
536 2958 739 3059 animum,
757 2957 811 3036 ita
832 2954 998 3067 quidem
1016 2975 1063 3038 ut
1081 2985 1228 3066 corpus
1245 2961 1331 3038 siue
1353 2964 1490 3043 animo
1512 2983 1582 3046 aut
1598 2970 1683 3046 ani-

310 3106 401 3158 mus
420 3081 506 3157 sine
529 3106 700 3184 corpore
720 3078 770 3156 ad
791 3078 876 3183 ejus
901 3079 1210 3187 acquisitionem
1229 3110 1453 3193 numquam
1474 3088 1684 3171 sufficeret.

313 3200 368 3279 At
376 3201 485 3306 leges
503 3215 585 3278 tam
602 3201 791 3303 rigorosas
811 3226 895 3305 non
915 3217 1024 3301 sunt,
1044 3218 1092 3279 ut
1112 3200 1202 3280 earn
1215 3206 1381 3284 retineri
1400 3208 1687 3314 intelligamur3

314 3320 469 3401 named
481 3320 559 3400 hoc
575 3320 707 3400 solum
725 3323 906 3400 animum
919 3319 1117 3425 sufficere,
1127 3341 1282 3404 constat
1297 3354 1346 3405 ex
1356 3330 1435 3425 hd
1451 3330 1494 3407 C.
1505 3330 1544 3407 h.
1554 3346 1581 3408 t.
1593 3334 1635 3408 L.
1647 3332 1689 3431 3,

314 3452 341 3548 §
367 3472 422 3523 11.
445 3442 485 3522 ff.
507 3444 546 3521 h.
564 3461 591 3523 t
613 3448 639 3543 §
661 3443 684 3525 5
706 3444 800 3523 Inst.
814 3443 865 3524 de
884 3444 1029 3524 interd.
1050 3447 1210 3525 Dicitur
1228 3449 1338 3525 euim
1356 3446 1503 3526 in·d.L.
1528 3450 1692 3546 [saliret

316 3568 513 3674 possessio
535 3566 649 3647 nudo
670 3569 807 3647 animo
828 3569 982 3679 acquiri
1002 3596 1087 3649 non
1110 3570 1256 3677 possit,
1286 3586 1422 3649 tamen
1446 3570 1533 3649 solo
1557 3576 1692 3657 animo

245 3792 250 3802 ·
317 3692 484 3771 retineri
498 3707 641 3800 potest.
662 3692 864 3803 Huncque
878 3692 1084 3772 retinendi
1099 3694 1394 3801 possessionem
1406 3696 1585 3776 animum
1597 3727 1695 3807 prse-

319 3817 518 3896 sumimur
553 3840 818 3915 conservare,
851 3816 982 3897 donec
1010 3816 1062 3897 de
1093 3815 1293 3894 contrarii
1321 3817 1458 3896 nostri
1489 3818 1695 3902 voluntate

320 3933 695 4047 luculenterpateat.
711 3944 970 4050 Quapropter
983 3942 1208 4042 Imperator
1222 3943 1266 4018 in
1277 3939 1314 4019 d.
1329 3943 1372 4023 L.
1384 3942 1410 4041 4
1423 3944 1478 4023 ita
1487 3947 1697 4055 prosequi·

322 4070 417 4151 tur:
440 4061 473 4137 si
492 4080 588 4161 ergo
606 4062 856 4161 praediorum
885 4058 1179 4161 possessiouem
1207 4060 1405 4143 desertam
1425 4095 1509 4146 non
1532 4063 1697 4149 derelin-

325 4176 478 4285 quendi
497 4174 706 4256 affectione
736 4193 935 4255 transacto
962 4180 1147 4287 'tempore
1171 4210 1257 4263 non
1280 4186 1454 4281 coluisti,
1474 4182 1696 4275 sedhmetus

274 4348 278 4353 -
328 4300 561 4376 necessitate
582 4298 780 4379 culturam
801 4325 945 4379 eorum
971 4299 1183 4403 distulisti,
1204 4294 1482 4419 praejudicium
1501 4334 1550 4386 ex
1568 4325 1697 4391 trans-

330 4420 440 4499 missi
466 4422 660 4527 temporis
679 4422 826 4527 injurii
846 4425 1026 4529 generari
1051 4450 1137 4504 non
1159 4446 1301 4533 potest.
1338 4426 1534 4529 Quinimo
1561 4459 1697 4545 neque
