4517 5867
642 609 709 657 110
1025 592 1182 663 FRANC.
1206 591 1294 660 tle.
1320 591 1631 661 SCHOLLAERT·

635 787 810 870 sessione
830 786 901 866 sud
922 786 1129 887 turbatur,
1154 816 1227 894 per
1251 816 1402 870 annum
1422 790 1628 892 integrum
1653 786 1838 867 nondum
1861 819 2004 898 posse·

638 908 757 1010 derit,
777 908 954 1016 possitne
979 908 1044 988 hic
1068 907 1268 989 actionem
1292 912 1580 1018 possessoriam
1600 936 1798 988 exercere.
1816 912 2001 1021 Respon-

636 1028 794 1129 demus,
814 1028 944 1140 quod,
970 1033 1003 1111 si
1025 1058 1073 1111 ex
1091 1048 1163 1111 art.
1193 1031 1295 1115 2235
1315 1032 1414 1113 Cod.
1438 1032 1524 1113 civ.
1546 1032 1673 1139 possit
1694 1034 1755 1112 uti
1778 1038 2003 1117 accessione

635 1151 896 1257 possessionis
929 1156 1148 1260 temporis,
1182 1182 1273 1266 quo·
1308 1172 1450 1234 auctor
1482 1154 1568 1261 ejus
1598 1153 1802 1261 possedit,
1844 1156 2007 1236 nullum

634 1277 686 1351 sit
720 1274 915 1379 dubium,
951 1279 1052 1387 quin
1084 1272 1212 1387 pos‘sit
1242 1282 1444 1358 actionem
1474 1279 1759 1386 possessorium
1792 1306 2003 1378 exercere,

637 1400 828 1505 quoniam
851 1418 948 1487 tunc
970 1417 1103 1507 potest
1124 1400 1311 1478 annalem
1327 1428 1442 1479 suam
1459 1401 1756 1507 possessionem
1776 1401 2002 1508 complere;

632 1518 843 1599 difficultas
880 1522 1015 1631 itaque
1055 1538 1214 1601 tanturn
1244 1523 1422 1601 nascitur
1447 1548 1565 1623 casu,
1594 1550 1678 1631 quo
1706 1522 1811 1605 illius
1838 1523 2001 1603 articuli

633 1636 766 1721 favore
788 1643 847 1719 uti
868 1668 950 1719 non
975 1658 1117 1749 potest.
1145 1645 1192 1721 Et
1222 1640 1389 1751 quidem
1416 1657 1514 1734 tuuc
1539 1643 1864 1724 concludendum
1887 1644 2003 1724 vide·

631 1779 699 1840 tur
723 1781 858 1843 exart.
881 1760 932 1843 23
954 1763 1052 1843 Cod.
1072 1768 1204 1862 Proc,
1225 1764 1339 1872 quod
1359 1768 1407 1864 is,
1428 1769 1499 1875 qui
1521 1794 1592 1873 per
1613 1794 1762 1843 annum
1787 1769 2003 1869 integrum

631 1912 715 1962 non
740 1883 936 1993 possedit,
961 1890 1088 1992 possit
1112 1888 1156 1964 in
1183 1888 1432 1993 possessione
1469 1888 1540 1965 suti
1571 1886 1746 1988 turbari,
1776 1888 2002 1965 autetiam

629 2007 675 2082 ea
695 2005 876 2111 spoliari,
893 2008 996 2115 quin
1015 2007 1206 2085 adversus
1223 2009 1456 2087 turbantem
1486 2005 1603 2085 detur
1628 2011 1729 2085 actio
1752 2008 2002 2113 possessoria

627 2124 677 2204 ad
698 2124 1047 2232 perturbationem
1071 2130 1357 2227 amovendam3
1376 2130 1419 2210 id
1437 2126 1549 2241 quod
1569 2129 1735 2206 minime
1752 2125 2002 2206 credendum

627 2248 747 2326 nobis
767 2245 947 2351 videtur,
967 2252 1163 2359 quoniam
1174 2252 1269 2331 inde
1289 2254 1556 2359 contingeret,
1577 2250 1689 2363 quod
1704 2250 1836 2327 turbae
1849 2266 1894 2328 et
1914 2277 2006 2357 spo·

626 2368 811 2451 liatioues
842 2389 972 2452 essent
1009 2373 1094 2479 lege
1129 2377 1372 2454 connivente
1406 2403 1604 2454 concessae
1641 2390 1711 2451 aut
1741 2371 1885 2451 saltem
1919 2399 2004 2448 non

512 2596 514 2603 Α
625 2495 900 2601 reprimendae.
922 2496 1192 2602 Quapropter
1209 2497 1243 2573 si
1258 2499 1307 2591 is,
1332 2498 1403 2606 qui
1426 2495 1653 2574 facultatem
1675 2492 1914 2601 complendi
1933 2521 2003 2571 an-

624 2614 756 2693 nalem
770 2643 882 2693 suam
900 2618 1191 2721 possessionem
1211 2642 1297 2693 uon
1314 2616 1451 2709 babet,
1466 2618 1510 2692 in
1529 2617 1576 2696 ed
1589 2615 1779 2694 turbetur
1791 2634 1861 2695 aut
1876 2619 2004 2694 etiam

624 2738 669 2815 eri
686 2735 902 2845 spolietur,
922 2752 1138 2833 antequam
1157 2764 1230 2831 per
1250 2764 1405 2815 anuum
1423 2738 1629 2844 integrum
1646 2738 1897 2845 possederit,
1917 2738 2001 2817 dis·

623 2850 893 2963 tinguendum
912 2875 994 2927 esse
1011 2847 1268 2930 arbitramur.
1280 2851 1322 2928 Si
1341 2853 1384 2930 in
1403 2861 1654 2963 possessione
1673 2861 1746 2962 sud
1766 2860 1961 2939 turbetur
1979 2886 2003 2936 a

624 2975 874 3086 praecedente
893 2997 1137 3079 possessore,
1155 2972 1244 3081 qui,
1270 2991 1483 3080 postquam
1512 2968 1584 3079 p'cr
1611 3008 1765 3049 anuum
1790 2986 2001 3077 integrum

624 3098 862 3207 possederit,
883 3092 1065 3175 nondum
1082 3090 1230 3173 abhinc
1248 3121 1353 3172 anno
1375 3093 1451 3172 fuit
1471 3095 1720 3201 possessione
1750 3094 1821 3173 sud
1843 3095 1998 3202 spolia-

623 3239 705 3323 tus,
736 3246 820 3297 non
849 3215 1102 3315 dubitamus,
1132 3218 1234 3326 quin
1258 3216 1360 3294 actio
1379 3218 1623 3323 possessoria
1651 3218 1731 3324 ipsi
1760 3214 1998 3324 deneganda

626 3346 694 3442 sit,
720 3342 916 3453 quoniam
948 3368 992 3420 ea
1022 3342 1216 3445 competit
1243 3337 1328 3445 ejus
1359 3337 1589 3417 adversario
1608 3362 1627 3439 ,·
1647 3340 1734 3438 cui,
1767 3357 1814 3417 ut
1842 3367 1995 3449 suppo·

624 3469 778 3567 nimus,
802 3462 987 3544 nondum
1013 3465 1243 3571 praescripta
1272 3477 1351 3559 est;
1383 3488 1459 3541 uec
1481 3478 1540 3541 est
1570 3464 1646 3569 ipsi
1669 3462 1915 3571 quidquam,
1944 3461 1994 3539 de

625 3614 709 3697 quo
727 3588 843 3695 queri
872 3603 1022 3693 potest,
1048 3613 1142 3664 cum
1163 3612 1236 3693 per
1258 3600 1418 3691 tempus
1439 3581 1489 3661 ad
1511 3584 1855 3691 praescriptionem
1884 3582 1988 3659 illius

626 3709 793 3788 actionis
814 3708 1056 3815 requisitum
1082 3706 1267 3787 nondum
1288 3706 1521 3815 possederit.
1550 3707 1623 3806 Sin
1645 3733 1743 3786 vero
1768 3707 1809 3780 in
1831 3698 1991 3807 posses·‘

623 3835 736 3913 sione
758 3830 828 3911 sual
850 3828 1037 3907 turbetur
1055 3825 1105 3905 ab
1134 3846 1344 3931 extraneo,
1362 3831 1434 3940 qui
1457 3833 1678 3936 numquam
1696 3818 1900 3929 possedit,
1921 3818 1987 3900 vel

625 3952 891 4069 quiquidem
925 3948 1131 4063 possedit,
1159 3951 1230 4029 sed
1259 3955 1325 4031 cui
1356 3952 1457 4030 actio
1486 3946 1729 4056 possessoria
1756 3945 1986 4051 praescripta

624 4098 698 4181 est,
717 4096 921 4189 putamus,
942 4074 1020 4154 hoc
1039 4077 1082 4153 in
1101 4102 1197 4153 casn
1210 4076 1407 4156 actionem
1421 4066 1709 4181 possessorium
1720 4066 1798 4175 ipsi
1815 4064 1986 4143 dandam

623 4229 724 4303 esse,
739 4202 832 4280 licet
842 4186 1074 4307 perannum
1085 4200 1289 4303 integrum
1306 4194 1490 4274 nondum
1504 4188 1749 4301 possederit,
1764 4188 1859 4297 quia
1877 4184 1986 4284 alias,

622 4339 669 4399 ut
686 4321 879 4418 diximus,
902 4334 1036 4427 posset
1059 4319 1544 4429 quisquepossessionem
1569 4313 1654 4420 ejus
1675 4314 1843 4418 impune
1864 4333 1984 4386 occu·

623 4466 735 4549 pare,
753 4472 846 4523 cum
867 4440 997 4521 turbae
1022 4458 1062 4519 et
1090 4441 1348 4546 spoliationes
1368 4453 1500 4516 essent
1519 4436 1609 4540 lege
1632 4435 1873 4530 connivente
1900 4452 1986 4507 con·
