4517 5867
602 584 648 657 lit
988 570 1146 647 meten
1166 570 1257 647 llC·
1280 570 1575 647 SCHOLLAERT

602 777 834 863 indubitate
863 791 1073 884 receptum
1093 791 1154 853 est
1175 770 1351 877 publice
1378 772 1567 853 utilitatis
1590 772 1731 873 cause,
1754 802 1899 891 nempe
1924 784 1976 865 ad

603 902 807 987 evitandas
835 900 941 995 lites,
971 924 1063 1005 quoe
1085 888 1270 1003 quotidie
1293 895 1398 973 circa
1423 922 1565 974 earum
1590 895 1817 981 dominium
1842 923 1976 985 essent

603 1031 824 1109 nasciturae.
848 1020 960 1101 ldem
975 1016 1078 1125 juris
1095 1032 1157 1095 est
1190 1016 1241 1095 de
1267 1014 1363 1094 teris
1384 1018 1686 1123 mansuefactis,
1707 1051 1804 1105 eum
1822 1026 1898 1107 bae
1913 1048 1975 1111 ta-

606 1176 702 1229 men
731 1140 973 1245 dillerentid,
993 1137 1106 1252 quod
1130 1138 1194 1219 bae
1216 1164 1397 1249 eousque
1416 1154 1565 1217 nostrae
1585 1167 1669 1219 esse
1684 1148 1977 1257 intelligantur,

605 1272 736 1357 donee
763 1270 943 1351 animum
969 1261 1199 1345 revertendi
1229 1261 1457 1360 babeant·§
1479 1261 1525 1344 15
1539 1263 1643 1343 'lust
1675 1262 1728 1344 de
1757 1292 1836 1345 rer.
1865 1272 1975 1357 divis.

604 1393 730 1501 Quod
747 1419 843 1475 vero
862 1390 945 1499 jam
969 1388 1112 1467 attinet
1123 1386 1310 1467 animalia
1322 1404 1548 1487 mansueta,
1567 1387 1680 1467 nulla
1703 1390 1812 1470 inter
1833 1392 1918 1501 ipsa
1937 1414 1977 1476 et

603 1521 698 1601 alias
723 1544 788 1598 res
810 1512 982 1594 mobiles
1004 1508 1233 1589 differentia
1253 1508 1393 1609 datur,
1416 1512 1472 1589 ita
1489 1528 1537 1591 ut
1556 1514 1701 1594 amissi
1720 1541 1862 1596 eorum
1881 1547 1973 1628 pos·

603 1644 775 1723 sessione
785 1664 870 1719 uon
880 1636 973 1717 ideo
993 1636 1201 1713 amittatur
1212 1661 1356 1715 eorum
1373 1634 1613 1717 dominium.
1633 1640 1739 1718 Hine
1755 1644 1893 1752 siquis
1910 1672 1974 1724 no

603 1764 669 1847 bis
701 1762 809 1843 furto
843 1775 912 1839 aut
937 1756 1077 1866 rapiud
1113 1756 1268 1839 auferat
1294 1788 1468 1871 equum,
1493 1765 1788 1871 possessionem
1811 1766 1976 1875 quidem

604 1914 689 1969 non
720 1900 854 1965 autem
881 1880 1112 1963 dominium
1145 1880 1255 1962 illius
1289 1886 1386 1995 eqni
1411 1908 1553 1965 sumus
1577 1888 1758 1967 amissuri
1791 1890 1834 1967 L
1860 1889 1906 1971 15
1934 1888 1974 1967 ff.

603 2010 643 2091 b.
663 2026 713 2109 t.;
731 2036 795 2089 res
821 2006 930 2087 enim
954 2004 1127 2087 mobiles
1154 2004 1265 2087 furto
1291 2024 1361 2088 aut
1380 2012 1521 2119 rupini
1547 2008 1665 2091 nobis
1687 2011 1839 2093 ablatas
1859 2042 1973 2093 recu·

603 2160 766 2244 perure,
781 2156 875 2212 oum
893 2128 1083 2229 velimus,
1101 2156 1187 2211 non
1206 2131 1384 2242 amplius
1403 2161 1640 2243 possumus,
1659 2152 1700 2216 et
1716 2137 1890 2245 proinde
1911 2164 1975 2216 ea·

603 2284 697 2337 rum
722 2256 1017 2363 possessionem
1045 2258 1273 2331 necessario
1300 2259 1531 2339 amittimus
1558 2257 1683 2339 Aliud
1700 2276 1838 2341 umen
1860 2258 1977 2363 foret,

604 2381 638 2461 si
659 2380 720 2482 is,
738 2378 810 2490 qui
831 2402 899 2457 eas
917 2373 1098 2478 sustulit,
1118 2377 1309 2484 potestati
1327 2393 1475 2457 nostrae
1494 2378 1699 2485 subjectas
1721 2403 1805 2477 est3
1824 2383 1977 2461 tamdiu

605 2504 730 2605 enim,
749 2498 942 2611 quamdiu
957 2526 1023 2579 res
1045 2498 1156 2608 apud
1173 2501 1309 2610 ipsum
1320 2503 1421 2599 sint,
1439 2526 1576 2579 earum
1597 2504 1895 2608 possessionem
1913 2532 1976 2583 re·

602 2624 909 2733 strenueque
929 2648 1004 2732 per
1022 2619 1221 2731 ejusmodi
1234 2650 1424 2732 personas
1436 2623 1661 2733 acquiritur
1680 2623 1804 2705 nobis
1816 2652 1974 2734 posses·

603 2748 681 2850 sio,
701 2764 744 2829 et
765 2748 910 2829 melior
931 2775 1017 2830 non
1042 2774 1142 2829 vero
1168 2748 1346 2829 deterior
1371 2747 1419 2828 lit
1444 2747 1625 2829 conditio
1652 2767 1803 2829 nostra.
1826 2752 1976 2861 Estque

607 2874 728 2951 etiem
758 2872 833 2949 bac
864 2875 1040 2973 ratione,
1070 2872 1186 2981 quod
1211 2876 1317 2949 servi
1344 2872 1503 2975 fugitivi
1531 2875 1798 2980 omniumque
1818 2904 1979 2975 rerum,

606 3021 707 3104 quaa
734 3020 871 3074 seeum
898 2991 1015 3090 tulit,
1045 2994 1340 3101 possessionem
1359 3020 1445 3071 uon
1471 2993 1714 3091 amittimus3
1743 3022 1840 3109 uam
1861 2998 1979 3075 sicuti

606 3117 773 3197 alierum
788 3144 926 3197 rerum
937 3117 1234 3226 possessiouem
1245 3114 1508 3195 intervertere
1523 3143 1608 3196 non
1623 3134 1773 3225 potest,
1784 3120 1843 3197 ita
1861 3120 1980 3197 etiam

604 3270 681 3323 uec
699 3243 762 3323 sui
781 3243 1030 3351 possessione
1049 3268 1124 3321 nos
1142 3241 1302 3347 pnvare
1315 3254 1448 3348 potest
1461 3266 1512 3319 ex
1529 3238 1568 3320 d.
1582 3242 1627 3320 L.
1646 3239 1693 3323 15
1704 3302 1715 3343 ,
1726 3241 1832 3322 alius
1848 3260 1981 3322 tamen

604 3370 638 3449 si
667 3368 752 3479 ejus
788 3367 1083 3478 possessionem
1121 3365 1367 3465 noctuam,
1402 3363 1625 3443 desinimus
1654 3394 1750 3449 eum
1776 3365 1979 3477 possidere

603 3492 648 3571 L.
673 3520 714 3591 1,
735 3502 762 3593 §
790 3492 836 3589 td
857 3489 898 3571 ff.
919 3490 956 3570 h.
974 3506 1003 3571 t.
1024 3491 1077 3569 At
1098 3514 1174 3568 nec
1195 3504 1294 3568 tune
1311 3485 1608 3595 possessionem
1632 3488 1853 3570 amittimus
1872 3492 1979 3571 farto

606 3610 727 3713 servi,
743 3607 815 3689 sed
831 3617 926 3719 quin
943 3614 1045 3691 alins
1060 3615 1357 3718 possessionem
1377 3608 1464 3718 ejus
1481 3610 1702 3721 acquisivit
1862 3614 1865 3619 ’

658 3842 933 3925 Immobilium
966 3843 1389 3952 veropossessionem
1413 3844 1631 3922 amittimus
1652 3840 1791 3938 inriti,
1818 3841 1854 3919 si
1878 3841 1977 3952 quis

599 3995 681 4049 'nos
707 3970 748 4049 vi
776 3996 825 4049 ex
846 3970 893 4050 ed
911 3967 1070 4078 dejiciat
1091 3968 1135 4046 L.
1165 3964 1207 4070 3,
1225 3966 1252 4062 ἕ
1270 3992 1317 4074 9,
1338 3968 1412 4047 nisi
1436 3982 1538 4045 osset
1554 3969 1599 4045 iu
1619 3980 1816 4073 potestate
1840 3966 1980 4045 noent

606 4095 862 4193 constitutum
883 4111 983 4173 tuuc
1009 4094 1119 4173 enim
1146 4089 1414 4171 nibilominus
1438 4083 1732 4199 possessionem
1753 4090 1978 4203 retinemus

605 4215 647 4293 L.
659 4215 711 4313 lo
722 4214 762 4294 ll.
778 4218 819 4295 b.
833 4235 879 4319 t,
893 4216 994 4327 quia
1006 4243 1080 4323 per
1099 4242 1194 4295 eum
1214 4217 1509 4331 possessionem
1520 4214 1766 4325 acquirimus
1777 4229 1820 4291 et
1836 4212 1981 4293 melior

602 4362 687 4416 non
706 4338 885 4419 deterior
908 4338 958 4420 fit
977 4337 1161 4417 conditio
1191 4354 1338 4420 nostra
1367 4339 1602 4418 Amittimua
1624 4338 1747 4416 maan
1768 4338 1980 4447 possessio

600 4480 717 4561 nem,
733 4464 768 4539 si
786 4458 839 4540 ab
860 4488 931 4563 eo,
951 4460 1023 4579 qui
1043 4458 1164 4541 nobis
1181 4460 1419 4545 absentibus
1431 4463 1727 4569 possessionem
1740 4460 1971 4568 occuparit,
