4517 5867
987 1422 1212 1531 CAPUT
1247 1417 1641 1529 SECUNDUM.
1688 1475 1690 1482 ·
1860 1328 1864 1339 ι

1171 1872 1471 1908 ..n-0*—

696 2325 812 2427 QUO
833 2321 1091 2412 DOOETUR
1116 2325 1475 2414 SENECTUTEM
1500 2325 1619 2411 NON
1637 2317 1892 2412 AVOCARU
1916 2325 1953 2406 Α

1087 2517 1254 2600 REUUS
1282 2515 1559 2600 GERENDIS.

1108 2967 1113 2974 «
1239 2921 1416 3054 §xrr

650 3395 737 3530 Ac
771 3453 948 3558 primum
977 3449 1144 3561 quidem
1169 3477 1192 3530 a
1219 3451 1359 3560 Capite
1389 3451 1457 3530 Vl.
1481 3448 1533 3531 ad
1569 3442 1639 3531 IX.
1670 3449 1813 3532 validis
1837 3471 2004 3562 peracu-

647 3576 780 3684 tisque
809 3575 1055 3680 argumentis
1084 3570 1253 3654 diluitur
1280 3571 1381 3654 illud
1408 3573 1521 3683 quod
1552 3574 1686 3682 primo
1712 3573 1803 3652 loco
1840 3573 2005 3682 objicie-

540 3749 543 3754 .
647 3695 783 3797 batur,
803 3728 824 3771 e
841 3712 1090 3776 senectutem
1108 3721 1272 3775 avocare
1291 3723 1315 3774 a
1334 3692 1456 3776 rebus
1474 3694 1706 3804 gerendis.»
1719 3695 2010 3801 complectitur

649 3834 784 3897 autem
816 3817 898 3898 haec
930 3817 1154 3898 dissertatio
1184 3815 1320 3898 locum
1348 3818 1400 3899 de
1430 3817 1572 3900 officiis
1599 3835 1730 3925 atque
1767 3817 2009 3900 muneribus

648 3935 743 4016 huic
762 3943 865 4020 aetati
882 3942 1055 4020 maxime
1074 3937 1403 4043 accommodatis,
1423 3941 1468 4019 in
1486 3967 1612 4050 eaque
1634 3954 1674 4017 et
1694 3939 1940 4043 argumentis
1952 3958 2007 4052 ,et

649 4061 839 4166 exemplis
862 4062 1079 4168 probatur,
1100 4089 1215 4142 senes
1231 4064 1453 4172 praesertim
1474 4064 1645 4142 maxime
1666 4086 1750 4140 esse
1767 4057 1940 4140 idoneos
1957 4078 2006 4141 nt

651 4180 702 4260 ad
726 4181 1081 4264 administrandam
1102 4185 1414 4293 rempublicam,
1435 4185 1492 4266 sic
1512 4184 1564 4266 ad
1583 4183 1677 4264 alias
1702 4204 1766 4260 res
1791 4181 2010 4290 permultas

647 4321 729 4383 tam
746 4303 908 4412 publice
926 4334 1052 4416 quam
1070 4308 1261 4413 privatim
1275 4305 1482 4389 curandas.

705 4427 911 4529 Quoniam
930 4419 1039 4507 enim
1052 4429 1153 4506 ratio
1169 4427 1355 4508 naturalis
1368 4428 1566 4537 postulat,
1583 4444 1631 4506 ut
1647 4452 1724 4534 pro
1742 4426 1826 4504 suis
1838 4425 2011 4532 quisque

526 4561 530 4566 ’
647 4551 802 4630 viribus
819 4565 932 4656 agat,
953 4564 994 4629 et
1009 4551 1095 4658 ipsa
1117 4565 1261 4632 natura
1288 4577 1361 4630 sua
1385 4549 1532 4660 cuique
1555 4549 1660 4630 aetati
1682 4574 1727 4627 ac
1749 4545 1912 4655 propria
1932 4547 2011 4626 im·
