4517 5867
830 490 1033 561 ontrto.
1599 514 1623 587 9

192 768 197 779 .
264 704 433 785 lustrare
453 697 608 799 velitis,-
631 694 881 806 perpendite,
904 712 1097 805 quantum
1114 694 1283 805 quisque
1302 710 1429 775 status
1447 712 1623 786 mutatus

261 823 470 903 sit‘ab'illo
490 823 666 931 quierat
682 820 996 925 antecognitum
1014 846 1130 899 acum
1151 819 1537 923 magneticem,ante
1557 827 1621 903 iu-

260 963 424 1025 ventam
445 941 771 1053 typographiam,
792 958 885 1023 ante
902 943 1078 1052 opticam
1098 940 1306 1023 excultam.

314 1116 465 1200 Forsan
484 1115 610 1197 zoilus
630 1116 840 1219 insurgens
860 1113 1094 1211 contendet,
1113 1112 1273 1191 inventa
1291 1110 1383 1195 talia
1402 1137 1486 1192 non
1507 1110 1620 1195 disci-

259 1236 404 1345 plinis,
421 1236 492 1317 scd
511 1263 611 1316 caeco
627 1236 762 1345 potius
781 1237 889 1317 casui
906 1233 1161 1315 attribuenda
1179 1260 1273 1319 esse.

311 1404 407 1485 Non
424 1421 484 1487 est
500 1404 853 1511 dissimulandum,
866 1404 1097 1513 disciplinas
1116 1402 1316 1485 naturales
1335 1402 1414 1485 hoc
1431 1403 1510 1485 sibi
1530 1428 1620 1510 pm·

256 1528 394 1635 prium
407 1520 570 1629 habere,
588 1527 701 1638 quod
713 1526 864 1607 nullius
876 1524 1105 1628 arbitrium,
1120 1524 1272 1605 nullam
1284 1542 1448 1621 sectam,
1465 1524 1618 1605 nullius

254 1650 520 1729 temeritatem
529 1648 792 1753 audiant,sed
799 1648 924 1729 solam
931 1654 1115 1730 naturum
1124 1656 1216 1727 snas
1225 1645 1338 1727 dotes
1351 1646 1620 1729 revelantem:

253 1793 333 1845 nec
358 1768 608 1853 dissimulare
632 1770 748 1877 volo,
769 1769 1056 1853 revelationem
1076 1769 1198 1850 talem
1221 1769 1338 1848 etiam
1366 1767 1618 1849 utilissimam

253 1884 425 1969 fortuito
443 1892 597 2007 percipi
615 1918 755 2005 posse;
771 1908 832 1971 ast
848 1918 1006 2029 quaeso,
1023 1888 1221 1998 ejusmodi
1239 1891 1466 1996 perceptio,
1486 1913 1618 1995 qnan-

252 2020 344 2086 tum
364 2001 484 2091 distat
499 2010 550 2089 ab
569 2010 827 2119 adaequata
793 2038 878 2115 epus
890 2013 1114 2110 notione,a
1135 2010 1364 2114 cognitione
1384 2005 1618 2115 multiplicis

252 2123 342 2237 ejus
353 2154 480 2209 nexus
492 2156 586 2208 cum
599 2125 696 2211 aliis
702 2130 878 2209 scientiis
891 2146 931 2210 et
948 2155 1041 2209 cum
1054 2128 1222 2209 diversis
1242 2126 1421 2235 ejusdem
1441 2131 1616 2208 scientiae

253 2244 472 2351 partibus?
501 2264 698 2358 quantum
724 2248 842 2325 distat
868 2248 982 2324 ab
948 2274 1033 2353 ejus
1060 2274 1139 2325 usu
1164 2248 1410 2325 scientifico*
1400 2307 1420 2354 ·‚
1440 2252 1488 2326 ut
1515 2248 1616 2357 quid

152 2466 155 2471 1
250 2366 388 2443 nautis
404 2366 588 2471 proderit
604 2365 772 2445 directio
794 2391 888 2477 acus
904 2366 1157 2472 magnetica,
1180 2368 1215 2446 si
1232 2369 1432 2447 mecanica
1450 2393 1533 2445 non
1551 2366 1617 2446 di-

252 2483 360 2587 rigat
383 2498 509 2563 totam
535 2484 787 2591 navigiorum
812 2501 1077 2581 structuram,
1100 2490 1331 2591 apparatum
1358 2502 1401 2564 et
1422 2484 1616 2595 supellec-

251 2603 398 2718 tilem?
418 2620 464 2687 ut
484 2603 587 2713 quid
610 2604 784 2693 multum
806 2603 988 2711 proderit
1008 2604 1095 2692 sine
1118 2604 1465 2700 observationibus
1487 2625 1615 2693 astro-

250 2724 445 2826 numicis,
462 2725 549 2813 sine
567 2726 699 2843 optica
716 2724 896 2813 excttlta?

208 2924 212 2929 ·
305 2893 594 2973 Verumtamen
610 2892 713 2973 sicut
729 2894 857 2975 solem
875 2899 1095 2989 orientem,
1114 2924 1225 2974 novo
1240 2897 1394 2973 lumine
1410 2911 1613 2976 temat-

250 3029 490 3120 pergentem
510 3030 552 3093 et
566 3034 674 3093 nevo
691 3012 823 3093 calore
840 3012 1023 3091 mortalia
1040 3013 1176 3094 omma
1194 3012 1461 3094 vivificantem
1484 3015 1615 3120 indies
1633 3030 1637 3036 ’

252 3133 461 3233 videmus,
474 3137 577 3215 sicut
589 3131 957 3243 splendidissimum
969 3133 1046 3213 hoc
1057 3149 1210 3214 naturae
1220 3133 1615 3243 spectaculum,·quia

250 3252 482 3335 assiduitate
499 3253 765 3356 viluit,'nnlla
782 3253 1048 3335 admiratione
1064 3254 1244 3342 animum
1262 3252 1423 3359 defigit,
1438 3257 1493 3335 ita
1510 3274 1616 3339 vete·

251 3374 521 3454 rumillorum
534 3374 841 3458 commodorum
852 3378 921 3456 vix
939 3374 1023 3456 ulla
1042 3376 1147 3455 ratio
1158 3374 1344 3475 habenta,
1361 3375 1459 3481 qnia
1474 3378 1615 3473 oculos

252 3513 301 3576 et
317 3490 499 3579 aientem
509 3497 559 3575 iis
577 3498 822 3577 assuevimus
839 3512 880 3576 et
898 3520 1063 3576 sensum
1081 3492 1420 3591 admirabilitatis,
1443 3496 1612 3601 gratim·

253 3614 441 3725 diuisque
470 3640 592 3705 usus
588 3614 791 3697 detraxit.
822 3615 894 3698 sed
919 3616 1095 3726 antiquis
1123 3616 1328 3699 immorari
1356 3614 1463 3697 nihil
1483 3619 1618 3783 cogit,

255 3738 449 3844 quoniam
466 3738 617 3817 novitia
628 3736 871 3827 redundant
1028 3741 1030 3749 ’

284 3994 286 4001 ,
307 3918 350 3997 si
366 3900 564 4001 mecanica
578 3895 659 4029 jam
678 3877 835 4001 dudum
848 3918 1055 4001 recluserit
1069 3852 1223 3998 aditum
1234 3917 1314 4001 ad
1302 3905 1441 4001 antima
1453 3882 1629 4014 telluris,

255 4042 421 4143 viscera,
438 4045 471 4121 si
489 4042 569 4149 jam
587 4038 743 4124 dudum
762 4042 941 4122 eruimus
957 4042 1001 4120 in
1017 4056 1200 4121 nostrum
1219 4066 1355 4142 mum,
1370 4067 1463 4149 quae
1482 4041 1631 4157 longo,

254 4159 490 4239 saeculorum
505 4162 619 4268 lapsu
639 4163 698 4243 ibi
717 4179 813 4245 sunt
830 4161 1009 4272 deposita
1026 4177 1094 4243 aut
1114 4160 1337 4262 efformata,
1352 4163 1499 4245 nostris
1520 4162 1631 4262 dieg
1711 4225 1715 4235 ,

255 4277 333 4359 hm
354 4276 507 4362 chemia
524 4280 661 4367 docuit
675 4282 897 4371 mortiferas
916 4283 1054 4371 inillis
1070 4285 1194 4375 vitare
1213 4282 1477 4393 expletiones
1568 4353 1579 4371 ..

339 4438 343 4480 ;
399 4404 461 4473 ΠΙ.
515 4400 518 4407 “
1413 4433 1440 4480 a
