4517 5867
614 628 659 686 ιο
921 605 1140 681 ANDREAE
1164 605 1341 679 coutrt
1360 606 1652 681 Knonatan

675 784 920 895 Ubicunque
942 786 1082 869 siculi
1105 815 1152 871 ac
1175 806 1410 895 congressus
1437 789 1652 871 hominum
1671 784 1841 883 dantur,
1858 800 1908 865 nt
1934 786 1983 866 in

611 908 785 991 urbibus
804 925 846 990 et
864 908 978 1007 alias,
1001 908 1206 991 crebriora
1227 928 1322 990 sunt
1345 911 1470 991 animi
1499 909 1732 1018 pathemata.
1753 908 1912 987 Etenim
1935 902 1981 987 in

612 1030 675 1110 bis
694 1030 949 1139 amplissimae
966 1050 1061 1113 sunt
1077 1033 1290 1113 relationes
1309 1049 1352 1111 et
1373 1032 1664 1113 commercium
1688 1022 1904 1109 hominum
1919 1028 1982 1107 in-
2033 1082 2040 1091 -

612 1167 675 1231 ter
695 1178 761 1254 se,
782 1152 941 1236 luxuria
968 1156 1136 1263 insignis
1161 1172 1244 1256 est,
1264 1156 1473 1259 convivia,
1497 1155 1594 1261 festa
1616 1152 1888 1253 celebrantur,
1909 1150 1984 1230 bo·

612 1274 743 1376 neris,
754 1274 985 1357 divitiarum
1004 1278 1201 1359 desideria
1219 1279 1490 1387 hospitantur,
1504 1280 1586 1358 vita
1603 1277 1737 1383 agitur
1749 1272 1986 1377 immodica,

611 1412 653 1475 et
662 1396 913 1501 ambitionis,
927 1401 1146 1508 superbiae,
1159 1399 1460 1502 maledicentiae,
1474 1398 1636 1481 invidiae
1648 1396 1765 1477 sedes
1775 1413 1986 1504 suntque

612 1519 853 1599 omniasane
867 1537 1116 1601 concurrunt
1129 1520 1346 1628 valdopere
1357 1516 1410 1598 ad
1419 1520 1666 1601 evolvendos
1675 1519 1802 1599 animi
1812 1517 1983 1598 allectus

665 1709 863 1815 Agricolae
883 1667 1023 1794 contra
1042 1710 1264 1819 simplicius
1276 1712 1458 1795 virentes
1475 1730 1516 1793 et
1530 1713 1707 1797 solitario
1720 1710 1864 1813 modo,
1877 1706 1984 1790 mul·

612 1829 663 1913 tis
685 1832 813 1913 causis
838 1834 962 1915 animi
985 1832 1205 1931 affectuum
1230 1836 1545 1919 occasionalibus
1563 1833 1855 1937 subripiuntur.

657 2028 811 2107 Omnes
826 2027 1036 2106 societates
1056 2052 1143 2105 non
1160 2052 1274 2137 reque
1292 2024 1515 2135 disponunt
1532 2021 1583 2103 ad
1598 2014 1722 2102 animi
1739 2018 1982 2128 pathemata,

615 2146 687 2227 sed
706 2145 825 2227 datur
851 2145 1061 2245 diversitas
1078 2175 1155 2258 pro
1177 2165 1316 2229 natura
1339 2165 1381 2229 et
1401 2146 1625 2227 charactere
1642 2144 1877 2245 hominum,
1894 2142 1981 2251 qui·

610 2266 786 2351 boscum
809 2296 1105 2355 conversamur.
1130 2273 1196 2352 Sic
1222 2299 1341 2353 setus
1367 2270 1569 2381 sequioris
1596 2266 1786 2347 sodalitas
1808 2263 1984 2372 lepidos,

610 2386 783 2474 blandos
810 2411 851 2474 et
880 2412 1110 2476 mansuetos
1135 2422 1209 2475 nos
1228 2393 1385 2491 reddit,
1413 2392 1616 2502 nobisque
1635 2387 1803 2469 affectus
1824 2402 1986 2467 teneros

609 2510 729 2593 alilat.
751 2516 856 2597 Cum
879 2516 1020 2623 probis
1045 2533 1086 2595 et
1110 2515 1360 2623 sapientibus
1379 2512 1597 2592 collocutio
1618 2537 1694 2588 nos
1719 2506 1770 2587 ad
1792 2510 1986 2587 virtutem

607 2634 792 2736 inclinat,
809 2637 1123 2746 passionumque
1142 2634 1323 2715 flammas
1344 2633 1573 2739 exstinguit.
1591 2633 1767 2731 Eeontra
1788 2654 1885 2711 cum
1903 2629 1985 2705 im-

607 2754 748 2863 probis
761 2772 803 2831 et
822 2750 927 2829 male
944 2758 1109 2827 meraris
1127 2757 1358 2855 congressio
1377 2753 1431 2831 ad
1445 2748 1571 2829 vium
1588 2746 1840 2829 licentiosam
1862 2764 1985 2858 atque

610 2870 846 2955 dissolutam
865 2867 1078 2979 perducit„

662 3048 833 3155 Insuper
858 3040 1081 3125 diversitas
1117 3060 1279 3121 morum
1294 3042 1661 3144 ,institutionum,·
1688 3042 1982 3181 praejudicarie·

610 3194 709 3247 num
720 3167 998 3271 ,religionum
1027 3164 1276 3306 aliarumque
1301 3191 1513 3245 causarum
1534 3165 1736 3245 societatis
1757 3163 1982 3246 accidenta-

610 3288 712 3369 lium
724 3288 785 3368 uti
798 3288 904 3390 lites,
915 3284 1038 3388 bella
1048 3304 1119 3397 etc.
1127 3288 1197 3390 ,iu
1210 3284 1513 3367 sensibilitatem
1525 3287 1730 3368 moralem
1731 3306 1771 3368 et
1785 3290 1982 3401 originem

608 3412 842 3521 passionum
849 3394 1054 3491 'influunt
1060 3409 1235 3516 Singula
1252 3407 1395 3491 harum
1411 3411 1657 3500 relationum
1671 3411 1880 3493 socialium
1898 3439 1982 3491 non

617 3534 881 3620 studebimus.
894 3532 1040 3617 efficia
1051 3560 1127 3615 nos
1142 3526 1372 3617 satisfecisse
1392 3519 1664 3619 indicando
1629 3561 1709 3643 eas,
1701 3527 1978 3617 arbitramur.

664 3708 860 3792 Senam
829 3741 863 3795 st
884 3696 929 3793 in
948 3729 1053 3794 statu
1070 3714 1152 3794 sint
1170 3715 1442 3819 excitationis,
1460 3716 1598 3821 genesi
1619 3716 1742 3796 aniius
1732 3666 1979 3803 allectuum

611 3830 754 3931 lavent
784 3834 832 3915 In
855 3832 934 3914 hoc
955 3837 1067 3913 enim
1093 3862 1187 3919 casu
1211 3838 1355 3921 anime
1376 3840 1668 3947 impressiones·
1683 3831 1980 3924 urnalemutut

612 3952 906 4057 vivacesaunde
916 3952 1020 4047 ideae
1037 3956 1210 4042 acriores
1227 3960 1555 4051 ctdurnbiliores.
1573 3954 1861 4052 ldemaccidit,
1879 3954 1980 4034 dum

503 4117 510 4137 ·
613 4077 758 4161 animae
787 4075 991 4165 tauteus
1024 4081 1224 4182 attentio,
1248 4083 1441 4166 mnnita
1469 4098 1511 4159 et
1525 4078 1735 4185 -judieium
1753 4072 1886 4155 'valde
1911 4100 1980 4155 ex·

611 4200 766 4339 plicatae
779 4220 887 4288 eraut.
915 4201 995 4299 Sed
1014 4202 1116 4303 nibil
1136 4202 1475 4311 magtsidcueun
1494 4199 1639 4315 estad
1646 4196 1869 4340 gignendus
1892 4226 1983 4335 pas·

610 4322 743 4407 aiones
765 4352 888 4435 quam
912 4326 1147 4431 imaginatio
1166 4324 1333 4433 fervida,
1352 4354 1447 4438 qum
1465 4352 1531 4409 res
1542 4324 1982 4433 meermannianam

611 4470 692 4551 que
719 4448 947 4567 exstimulat
968 4464 1009 4529 at
1035 4448 1303 4553 inpellit..
1452 4466 1456 4476 '
