4517 5867
619 596 663 667 18
925 594 1112 667 JOANNIS
1137 593 1418 666 FERDINANDI
1443 592 1671 665 SENTELET

668 770 856 853 Sublatus
878 787 938 850 est
951 774 1052 851 Baro
1075 773 1126 853 de
1147 772 1258 853 Feltz
1275 771 1651 877 Luxemburgensis.
1670 770 1886 874 Postquam
1904 768 1984 848 sub

598 888 770 989 ditione
795 895 999 973 Austriaca
1018 895 1140 965 variis
1157 895 1278 988 primi
1302 893 1458 975 ordinis
1478 894 1629 973 muniis
1654 908 1695 971 et
1713 891 1988 995 legationibus
2013 950 2018 953 -

616 1044 774 1103 summa
792 1013 911 1107 laude
941 1007 1175 1107 perfunctffi
1198 1022 1302 1079 esses
1323 1023 1365 1077 oc
1386 1020 1430 1085 iu
1458 1017 1602 1093 urdine
1618 1015 1797 1108 equestri
1816 1010 1989 1092 inferio·
2083 1049 2088 1056 ·

608 1114 854 1221 'risAustuae
874 1139 1116 1233 assumptus,
1135 1120 1339 1203 domitore
1357 1122 1485 1229 patria
1508 1120 1696 1228 expulso,
1717 1129 1769 1201 ab
1788 1135 1995 1234 Augustis.

618 1238 722 1341 simo
738 1253 846 1355 Rege
866 1248 1099 1327 nominatus
1119 1245 1197 1327 fuit
1218 1246 1374 1328 ordinis
1392 1245 1521 1327 leonis
1538 1243 1688 1349 Belgici
1700 1246 1991 1353 praefectus,ad

618 1400 835 1489 procerum
861 1371 1034 1451 Comitia
1063 1369 1303 1479 deputatus,
1321 1366 1568 1466 Academiae,
1588 1394 1680 1479 quae
1701 1368 1898 1449 Bruxellis
1925 1388 1991 1451 est

618 1524 761 1607 praeses
783 1511 823 1575 et
844 1492 963 1601 hujus
987 1494 1262 1575 Universitatis
1287 1493 1469 1573 Curator.
1489 1490 1664 1571 Blandus
1678 1509 1762 1571 erat
1784 1510 1826 1570 et
1847 1490 1992 1615 allabi·-

619 1620 687 1717 lis,
703 1618 926 1697 litterarum
944 1617 1089 1724 peritia
1106 1618 1293 1722 insignis,
1315 1614 1416 1694 nulli
1436 1616 1597 1693 muneri
1615 1615 1767 1722 impar,
1789 1617 1928 1693 omnia
1950 1616 1991 1691 ei
2012 1632 2015 1637 ·

622 1739 860 1822 demandata
874 1765 948 1847 pro
963 1738 1155 1845 dignitate
1171 1736 1347 1846 explevit
1363 1738 1409 1816 in
1428 1754 1618 1845 provecta
1636 1737 1758 1817 etiam
1774 1751 1994 1816 senectute.

601 2024 603 2029 ,
676 1970 826 2048 Noster
848 1970 951 2050 ordo
977 1988 1017 2049 et
1041 1970 1256 2051 nobiscum
1277 1968 1491 2052 Academia
1510 1970 1665 2050 cladem
1685 1970 1780 2051 tulit
1798 1998 1848 2051 ex
1875 1972 2000 2051 obitu

623 2092 888 2194 expertissimi
908 2092 1222 2191 Vandertaelen,
1239 2080 1317 2172 viri
1335 2094 1545 2173 Medicinae
1565 2096 1750 2200 practicae
1764 2093 2002 2170 excellentia

622 2212 948 2317 praestantissimi.
964 2214 1056 2292 Suis
1071 2214 1242 2293 etnobis
1261 2232 1424 2320 ereptus
1439 2213 1533 2316 fuit,
1556 2242 1650 2291 cum
1671 2240 1820 2293 munus
1838 2212 2003 2291 Acade·

625 2330 791 2407 micum·
805 2332 873 2410 vix
886 2344 888 2347 ’
902 2333 1127 2439 auspicatus
1156 2353 1278 2431 esset,
1308 2333 1422 2437 cujus
1451 2336 1708 2410 immaturam
1739 2352 1914 2416 mortem
1952 2361 2004 2414 eo

625 2449 808 2527 acerbius
843 2450 984 2557 lugent
1019 2450 1187 2531 medicae
1219 2451 1414 2529 facultatis
1444 2453 1617 2551 alumni,
1639 2451 1751 2563 quod
1780 2458 1865 2558 ejus
1896 2481 2001 2533 cura

627 2584 667 2646 et
687 2568 917 2649 eruditione
931 2570 1083 2651 diutius
1101 2570 1182 2649 frui
1200 2599 1286 2651 uon
1306 2571 1475 2657 licuerit.

678 2790 899 2868 Amisimus
918 2785 1144 2867 Academiae
1165 2787 1375 2869 alumnum
1394 2792 1563 2869 Jennart
1580 2792 1911 2894 Namurcensem,
1941 2794 2007 2875 in·

626 2909 733 3013 genii
763 2907 953 3001 dotibus,
982 2924 1024 2982 et
1052 2936 1215 2982 morum
1245 2911 1422 2983 castitate
1451 2906 1740 3013 praestabilem,
1770 2938 1815 2988 ac
1845 2940 2007 3019 magnae

626 3029 711 3135 spei
736 3026 943 3133 juvenem,
965 3026 1008 3105 iu
1030 3026 1118 3132 ipso
1143 3026 1268 3105 aetatis
1289 3025 1390 3105 llore
1416 3028 1667 3109 exstinctum.

681 3262 850 3343 Flebilia
868 3264 951 3343 haec
969 3264 1297 3344 suntAcademiae
1315 3277 1460 3345 nostrae
1480 3264 1643 3366 damna3
1659 3267 1730 3348 sed
1742 3268 1890 3349 adsunt
1907 3292 2002 3381 quae

626 3408 843 3465 moerorem
863 3387 1114 3497 aliquatenus
1134 3390 1329 3493 mitigent.
1468 3442 1474 3453 ·

679 3620 804 3725 Regio
829 3619 991 3701 decreto
1013 3622 1064 3701 de
1091 3636 1153 3732 19¹
1172 3653 1261 3732 aug.
1286 3625 1386 3707 1820
1409 3628 1452 3704 in
1475 3596 1729 3706 nobilissimo
1748 3625 1998 3705 Curatorum

542 3774 549 3781 ·
626 3738 795 3846 collegio
811 3742 862 3820 ad
881 3746 1277 3859 primatumevectus
1290 3766 1350 3828 est
1362 3748 1603 3857 perillustris
1618 3749 1820 3834 Dominus
1834 3748 2000 3851 d’Onyn

626 3858 678 3936 de
702 3863 877 3943 Chastre.
904 3866 1198 3969 spectatissime
1220 3874 1297 3965 vir,
1323 3872 1399 3950 tibi
1430 3870 1593 3951 meoet
1618 3872 1797 3951 universi
1826 3865 1997 3947 Senatus

626 3982 791 4059 nomine
810 3984 973 4089 publice
995 3992 1195 4093 gratulor,
1216 4022 1357 4101 perges
1374 4013 1421 4075 ut
1442 4012 1534 4075 ante
1553 3995 1604 4074 de
1623 3993 1837 4074 Academia
1859 4006 2000 4073 nostra

626 4100 730 4181 hene
748 4108 917 4205 mereri,
938 4132 1080 4210 perges
1097 4117 1311 4188 commoda
1333 4116 1456 4201 llrbis
1468 4135 1510 4200 et
1522 4116 1748 4203 Academias.
1765 4108 1996 4186 felicissimo

625 4250 732 4304 nexu
753 4226 1008 4331 conjungere.

678 4422 833 4503 Eodem
855 4421 1017 4503 decreto
1042 4424 1148 4504 iuter
1174 4426 1387 4507 Curatores
1412 4448 1637 4539 assumptus
1658 4447 1718 4511 est
1747 4428 1990 4548 perillustris
