4517 5867
583 545 623 589 ιι
816 560 834 621 (Δ
964 526 1153 599 ioannis
1178 524 1399 597 namnrn
1422 522 1579 596 nonu

583 678 764 759 obtinuit.
791 684 979 761 Ptaeterea
1009 683 1288 796 animadvertit
1313 697 1526 791 apparatus
1540 676 1747 787 energiam
1760 666 1950 781 extingui

568 802 623 879 ·in
649 800 923 910 otmospheris
933 805 1035 883 airis
1061 804 1288 913 ossigenium
1310 798 1481 885 liberum
1499 815 1568 878 aut
1585 825 1729 907 parum
1748 788 1949 877 combina-

582 940 668 1003 tum
683 953 763 1004 non
777 926 1023 1005 continentis.
1039 927 1117 1007 Alii
1134 922 1310 1033 ejusdem
1323 924 1450 1005 aetatis
1461 900 1636 1031 physici,
1653 919 1866 999 auxiliante
1884 942 1950 994 oo-

582 1045 895 1145 lumna,d1versa
905 1047 1298 1157 metalla‚1psumque
1307 1072 1451 1125 aurum
1462 1036 1760 1153 bquefecerunt,
1769 1038 1950 1147 sulphur,

568 1166 785 1269 atheram,
795 1168 1110 1268 inflammarunt,
1124 1196 1346 1279 aurumque
1356 1165 1572 1247 fulminans
1582 1165 1949 1273 decomposuerunt.

582 1290 664 1390 Qui
683 1318 819 1373 omnes
838 1290 1002 1375 effectus
1020 1289 1214 1375 debentur
1231 1288 1514 1373 modificationi
1531 1286 1796 1372 electricitatis
1819 1284 1862 1366 in
1886 1311 1951 1363 ca-

570 1410 763 1495 lonicum

634 1620 763 1703 Ritter
776 1624 894 1735 paulo
907 1641 1000 1764 post
1011 1622 1239 1707 observavit
1256 1557 1460 1703 columnas
1474 1617 1698 1729 galvanicas
1717 1613 1814 1694 oriri
1832 1636 1951 1719 posse

583 1770 632 1821 ex
660 1745 945 1853 copulatione
934 1764 1037 1829 mter
1064 1776 1172 1848 sese,
1194 1747 1381 1829 binorum
1409 1742 1654 1853 liquidorum
1671 1734 1951 1819 diversissimae

572 1864 964 1969 Jcombustibibtatis,
984 1888 1090 1952 etex
1107 1870 1267 1953 metallo
1284 1865 1393 1979 quod
1410 1894 1496 1949 sese
1514 1863 1638 1947 fluido
1656 1860 1838 1943 electrioo
1858 1882 1950 1965 pro·

499 1986 503 1993 ’
573 1982 700 2075 „ducto
718 2008 908 2073 oneraret.

635 2190 771 2287 Volta,
800 2188 912 2296 cujus
940 2188 1043 2274 mira
1066 2196 1115 2275 de
1139 2193 1391 2277 electricitate
1401 2189 1645 2302 galvanica
1634 2203 1796 2270 mventa
1817 2184 1886 2267 vix
1907 2182 1951 2261 in

583 2306 750 2417 Gallia
739 2326 1161 2423 1nnotcscerant,qno
1189 2315 1331 2395 melius
1355 2314 1579 2395 doctrinam
1603 2339 1717 2391 suam
1742 2307 1952 2437 magnique

572 2431 773 2543 'momenti
791 2430 1085 2517 observationes
1104 2436 1220 2519 docto
1243 2436 1406 2547 gallici
1395 2436 1577 2544 imperii
1577 2434 1759 2514 instituto
1748 2396 1953 2509 declara-

580 2566 662 2647 ret,
691 2554 1036 2665 explicaretqnes
1025 2586 1068 2637 ιιι
1092 2558 1194 2639 hanc
1217 2560 1420 2667 regionem
1442 2584 1530 2637 sese
1554 2551 1808 2650 conferebat,
1832 2547 1952 2655 idque

576 2662 725 2771 effecit,
750 2674 960 2781 adjuvante
977 2676 1207 2759 doctissimo
1228 2679 1401 2817 quodam
1424 2677 1595 2759 nostrati
1613 2676 1716 2771 viro,
1742 2700 1812 2779 qut
1799 2666 1954 2807 pluri·

580 2820 694 2873 ιιιιιιιι
715 2733 772 2875 ibi
797 2813 892 2878 tunc
915 2800 1105 2909 temporis
1129 2798 1302 2899 valebat,
1329 2800 1441 2907 cujus
1460 2800 1580 2880 etiam
1599 2792 1811 2906 praesidio
1801 2790 1953 2869 atineris

579 2915 765 2993 comitem
789 2937 927 2986 nactus
957 2938 1018 2986 ese
1042 2921 1295 3014 brugnatetti.
1325 2922 1372 2983 tn
1399 2919 1573 2986 Galliam
1605 2935 1698 2987 cum
1731 2906 1955 2991 advenisset

579 3032 728 3139 b'ujus
717 3028 864 3137 ingenit
852 3026 973 3107 laus
992 3026 1146 3135 egregie
1165 3022 1451 3163 praedicabatur
1469 3043 1508 3104 et
1527 3026 1665 3135 ingens
1680 3027 1830 3108 donum
1847 3059 1955 3111 acce-

581 3155 661 3262 pit,
685 3168 804 3258 atque
820 3148 948 3229 felix
937 3148 1089 3229 itineris
1109 3145 1187 3227 fnit
1209 3146 1338 3226 exitus
1357 3146 1463 3226 utin
1485 3148 1549 3227 ret
1562 3146 1730 3256 publicae
1755 3149 1953 3235 beneficiis

581 3270 811 3365 deferretur.
829 3270 1039 3352 Praemium
1057 3270 1177 3351 etiam'
1198 3269 1352 3379 insigne
1370 3284 1466 3350 tnnc
1483 3258 1787 3379 promittebatur
1809 3274 1860 3354 iis
1882 3277 1953 3385 qui

580 3394 800 3487 doctrinam
813 3393 1034 3475 electricam
1045 3392 1096 3473 ad
1107 3390 1149 3473 id
1164 3391 1423 3501 perducerent
1434 3408 1480 3473 ut
1491 3392 1582 3472 talis
1599 3394 1784 3475 existeret
1795 3397 1952 3505 qualem

583 3516 808 3598 reddiderat
820 3513 983 3593 theoria
1010 3512 1222 3610 Franklin‚
1253 3512 1366 3616 cujus
1390 3512 1544 3621 praemii
1569 3533 1722 3622 partem
1744 3520 1889 3597 meruit
1912 3535 1952 3600 et

578 3641 747 3746 adeptus
764 3651 825 3716 est
838 3638 967 3742 Davy.
987 3634 1137 3715 Deinde
1154 3661 1251 3717 vero
1269 3636 1446 3713 Ermann
1462 3634 1731 3716 doctissimam
1748 3638 1951 3719 conducto·

581 3786 673 3839 rum
685 3758 861 3868 quinque
874 3756 1020 3865 partito
1033 3754 1353 3841 distributionem
1370 3754 1552 3835 instituit.
1568 3760 1674 3836 Tum
1685 3758 1804 3839 etiam
1817 3761 1949 3869 Davy,

582 3908 686 3973 anno
704 3878 818 3978 1806,
831 3878 975 3961 obtulit
991 3877 1212 3961 Academiae
1228 3878 1347 3987 regite
1357 3877 1706 3987 Londinensiopus
1717 3880 1765 3960 de
1779 3880 1947 3992 legibus,
2012 3982 2020 3995 x

582 4001 635 4101 ad
652 4029 750 4109 quas
768 4017 979 4110 apparatus
1001 4000 1193 4084 voltaicns
1211 4000 1253 4081 in
1270 3999 1602 4109 decompositione
1619 4002 1762 4111 salium
1779 4006 1949 4087 interve·

582 4122 706 4223 nnat,
725 4122 1095 4230 experimentisque,
1114 4122 1240 4230 magis
1257 4145 1378 4229 quam
1395 4124 1608 4204 ratiociniis
1626 4142 1848 4227 accuratam
1867 4156 1948 4208 cor·

582 4268 728 4351 porum
742 4242 1061 4325 distributionem
1073 4241 1114 4321 in
1128 4241 1397 4323 comburentis
1409 4260 1448 4323 et
1461 4245 1751 4326 combustibilis
1769 4248 1945 4331 confecit.

582 4364 741 4471 Quibus
773 4362 1106 4459 commonstrabat
1136 4362 1182 4457 ‚in
1206 4360 1575 4453 combinatianibus
1610 4368 1800 4473 elementa
1829 4371 1945 4448 modo
