4517 5867
721 654 1055 751 caesareano
1071 645 1280 752 usuros
1323 708 1363 724 ..

636 852 866 959 PARS
926 853 1350 964 SECUNDA.

700 1067 955 1177 ιιιιιιιιιιιι
992 1064 1285 1172 oaluuruar
1333 1160 1338 1169 ι
1404 1164 1409 1170 ⁴

220 1237 227 1247 ¹
360 1245 547 1328 Vidimus
576 1273 714 1354 supra,
731 1248 887 1325 moveri
915 1246 1112 1349 animam,
1130 1245 1230 1325 dum
1262 1250 1485 1355 percutitur
1514 1248 1564 1325 ab
1593 1250 1666 1329 ob*

301 1370 406 1477 jecto
437 1372 479 1449 in
507 1395 591 1478 quo
613 1368 784 1455 salutare
806 1366 908 1477 quid
933 1386 1003 1455 aut
1030 1368 1251 1450 existentiae
1267 1385 1424 1450 'nostrae
1444 1369 1526 1447 sive
1559 1396 1668 1451 com-

302 1489 435 1572 modis
450 1491 622 1572 noxium
645 1483 936 1597 apprehendit.
948 1492 1020 1572 Est
1037 1518 1151 1575 amor
1168 1492 1256 1593 sui,
1273 1492 1357 1571 sive
1375 1507 1510 1572 motus
1527 1508 1670 1598 sponte

302 1612 345 1691 in
372 1637 632 1723 quocumque
656 1610 822 1696 homine
850 1628 984 1713 ortus,
1008 1631 1102 1722 -quo
1134 1612 1199 1691 hio
1228 1613 1534 1711 conservationi,
1545 1615 1672 1722 ipsius
1783 1706 1791 1716 ,

297 1734 504 1839 invigilat,
534 1762 696 1815 oausam
721 1735 948 1842 proximam
979 1733 1195 1823 affectuum
1230 1734 1386 1824 sistens.
1410 1736 1445 1815 F
1447 1734 1670 1820 undamen-

179 1908 181 1915 ι
299 1870 389 1935 tum
419 1859 538 1993 ponit
567 1856 692 1933 animi
723 1855 999 1957 pathematum
1032 1872 1074 1934 et
1100 1857 1187 1937 sine
1218 1884 1269 1938 eo
1296 1856 1407 1945 uuila
1441 1857 1667 1951 existerent

304 1974 400 2075 Quo
422 1976 551 2080 magis
578 1975 703 2056 istum
716 1970 966 2079 deponimus
996 2002 1177 2058 amorem
1206 1978 1360 2077 nostri,
1381 1980 1536 2073 ratione
1556 1976 1665 2084 judi·
1718 2003 1726 2015 ·
1849 2002 1853 2010 ·

296 2092 449 2209 cioque
479 2097 656 2198 utimur,
677 2108 722 2176 ‘et
743 2093 821 2176 sub
844 2117 980 2175 veram
1004 2118 1144 2184 earum
1154 2096 1334 2187 formam
1360 2124 1426 2177 res
1439 2098 1682 2210 intuemur,¹

302 2222 347 2299 in
373 2218 516 2299 eadem
543 2221 663 2303 etiam
683 2219 846 2302 ratione
866 2218 1126 2305 decrescunt
1123 2220 1252 2307 animi
1279 2219 1498 2305 affectuum
1515 2244 1665 2314 nume·

302 2370 372 2423 rus
387 2344 590 2449 ,energia
608 2368 653 2423 sc
667 2342 837 2427 denuo.
866 2339 987 2426 Solus
1013 2340 1162 2423 efficit
1150 2341 1296 2447 rgitur,
1304 2358 1368 2431 ut
1378 2341 1513 2422 anima
1532 2341 1584 2425 ad
1602 2341 1680 2437 oh,

298 2465 399 2572 jecta
425 2465 661 2568 attendens,
693 2491 920 2577 eorumque
947 2465 1148 2619 actionem
1174 2464 1342 2555 muare
1373 2462 1427 2544 od
1454 2489 1532 2559 uos⁸
1550 2489 1678 2560 ,ιοιιι-,

299 2614 536 2669 memorans
563 2586 765 2717 afficiatur
1451 2640 1454 2644 J

351 2738 479 2820 Amor
505 2714 569 2819 sui
598 2740 669 2850 qui
696 2742 970 2818 sensibilitatis
996 2742 1159 2816 moralis
1196 2744 1349 2840 species
1389 2758 1473 2838 est,
1507 2671 1669 2844 singuio

299 2860 511 2942 individuo
551 2859 693 2967 aequali
725 2858 814 2936 dosi
839 2856 950 2935 haud
981 2853 1236 2961 dispertitur,
1268 2880 1344 2932 nec
1375 2854 1419 2932 in
1450 2858 1540 2961 ipso
1566 2860 1669 2945 sub.

295 2983 401 3093 jecto
429 2982 613 3062 eadem'
601 3008 645 3058 ιιι
675 2981 837 3097 ratione
860 2991 1088 3056 constanter
1118 2978 1314 3074 οιιιιιιιις
1346 2976 1544 3086 discrepat
1568 3004 1668 3059 vero

297 3124 338 3187 et
364 3106 556 3186 alteratur¹
573 3102 684 3201 omni
705 3086 755 3179 iri
769 3100 862 3181 ritae
880 3112 1066 3208 tempore
1082 3128 1128 3179 ac
1148 3101 1479 3204 circumstanciis,
1510 3102 1670 3181 tutione

300 3228 554 3339 objectorum
583 3242 736 3306 naturae
759 3252 804 3305 ac
833 3223 1094 3324 relationum,
1122 3223 1347 3307 intellectus
1380 3224 1582 3326 exercitii,
1602 3250 1669 3303 so-

299 3352 450 3432 cietatis
475 3348 639 3431 effectus
643 3348 854 3460 ,denique
873 3349 1054 3458 corporis
1074 3346 1369 3490 dispositionis,
1401 3346 1568 3513 ejusque
1597 3360 1670 3465 sta

299 3492 366 3555 tus
391 3474 476 3554 sani
502 3491 573 3555 aut
586 3470 836 3554 morbosi.

353 3632 415 3711 Ex
442 3630 559 3711 dictis
583 3646 694 3739 patet
718 3630 822 3738 jam,
841 3628 969 3710 fontes
995 3628 1119 3706 animi
1150 3625 1381 3707 adfectuum
1413 3625 1490 3707 snb
1518 3623 1666 3732 triplici

300 3768 463 3861 aspectu
501 3751 787 3846 examinandos
823 3778 926 3851 esse,
961 3767 1083 3856 atque
1115 3747 1302 3887 ampiecti
1320 3748 1508 3858 objecta
1516 3748 1668 3825 extumo

301 3901 512 3983 comamque
527 3876 764 3969 relationes,
782 3892 929 3955 statum
952 3871 1121 3950 hominis
1147 3849 1452 3977 intellectualem
1472 3887 1511 3966 et
1535 3895 1667 3965 mora-

300 3996 403 4091 lcm,
438 3996 626 4108 deinceps
651 4000 819 4113 corporis
847 3993 1114 4075 conditionem
1142 3982 1667 4086 sammetmorbosam.1n

302 4117 433 4199 tribus
459 4117 732 4214 sectionibus,
742 4104 793 4198 de
818 4116 880 4196 his
908 4113 1077 4193 seorsim
1098 4105 1263 4251 agemus
1284 4130 1325 4193 et
1348 4109 1665 4223 periclitabimur

304 4264 426 4349 quam
452 4252 606 4344 partum
624 4234 781 4341 siugrda
807 4234 966 4328 harum
979 4262 1193 4331 causarum
1223 4236 1266 4321 in
1291 4234 1427 4342 genesi
1458 4248 1499 4311 et
1527 4230 1666 4311 evolu-

302 4362 414 4443 tione
440 4360 579 4467 animi
590 4356 865 4467 pathematum
891 4356 1037 4467 habet,
1059 4374 1100 4453 et
1125 4355 1375 4469 quomodo'
1363 4385 1406 4450 ιιι
1410 4322 1664 4481 producen-

305 4482 404 4565 dum
432 4480 510 4586 hoc
532 4480 602 4564 nel
627 4478 729 4561 illud
752 4477 915 4573 affectus
928 4507 1064 4586 genus
1093 4479 1272 4583 influit
1373 4581 1378 4598 ,
1406 4596 1414 4609 ⁸
1464 4579 1468 4590 ,

1457 4602 1495 4656 ,2.
