4517 5867
588 564 634 640 αθ
810 563 815 570 ’
956 557 1143 641 solatiis
1166 563 1390 637 BAPPISTAE
1413 563 1569 636 ttot'm

582 787 754 872 invicem
776 765 950 890 adjectis,
974 795 1061 861 tum
1083 777 1249 862 effeetus
1273 776 1500 860 facultatem
1523 778 1851 888 comparativam,
1876 806 1955 891 qus

583 910 740 994 diversa
758 905 913 988 metalla
931 905 1139 1014 ignescunt
1156 920 1196 983 et
1214 900 1457 999 fundtmtur',
1474 899 1801 1001 determinant,t.
1821 931 1955 1013 g.,au-
1985 953 1988 957 »

511 1092 517 1104 ·
583 1059 675 1115 rum
693 1048 734 1111 et
753 1029 966 1140 plotinum,
991 1027 1130 1138 ignitio
1148 1024 1309 1135 plotini,
1333 1051 1479 1106 aurum
1501 1040 1541 1106 ct
1560 1040 1788 1136 argentum,
1816 1026 1956 1134 ignitio

583 1156 696 1254 auri;
730 1152 834 1238 fusio
863 1151 1115 1234 metallorum
1139 1166 1180 1231 et
1205 1148 1418 1233 oxidorum
1434 1148 1753 1249 nauticorum
1784 1148 1961 1264 plutini,

582 1277 691 1362 oxidi
710 1276 849 1380 tuoni,
863 1276 997 1378 titani,
1016 1274 1245 1386 tungstenii

634 1464 748 1548 Nihil
771 1465 979 1576 hucusque
1007 1466 1105 1547 certi
1127 1462 1277 1576 prodiit
1305 1478 1444 1544 contra
1465 1459 1662 1545 theoriam
1689 1488 1739 1541 ex
1765 1487 1847 1570 qua
1868 1485 1951 1544 me

579 1587 768 1670 callorum
794 1607 1005 1672 contactus·
1024 1585 1299 1701 aequilibrium·
1320 1585 1511 1685 destruit,
1530 1582 1642 1694 quod
1654 1581 1846 1662 chemicae
1860 1606 1951 1660 mu-

578 1709 748 1792 tationes
783 1715 1009 1796 restituunt.
1040 1711 1246 1820 Quamdiu
1279 1713 1405 1824 igitur
1432 1706 1794 1818 decompositionea
1823 1702 1926 1783 stimi
1940 1730 1962 1802 '2'

578 1833 729 1914 tamdiu
747 1837 853 1917 actio
877 1855 1040 1947 perstat.
1058 1837 1126 1920 stc
1143 1836 1214 1919 uti
1232 1834 1441 1918 intensiori
1462 1831 1589 1914 salina
1616 1821 1814 1911 solutione
1837 1845 1952 1934 aquae

579 1951 895 2040 conductibilitas
914 1977 1110 2070 augetur,
1142 1969 1215 2039 ant
1241 1959 1435 2039 columnae
1462 1983 1564 2036 onus
1593 1953 1754 2051 crescit,
1777 1973 1952 2059 persaepe

577 2066 870 2192 hydrogeninm
897 2083 1054 2182 avolat,
1082 2067 1247 2191 statque¹
1267 2079 1551 2190 decompositio
1571 2075 1695 2186 quasi
1722 2073 1828 2184 gazis
1853 2069 1952 2152 llbe-

545 2245 548 2253 ·
576 2201 728 2279 ratione
750 2201 952 2282 exhausta.
973 2204 1120 2284 Omnis
1138 2221 1279 2284 autcm‘
1300 2201 1536 2310 compositio
1565 2195 1860 2278 antecedentem
1882 2191 1961 2303 ‘¹⁰7‘

575 2321 900 2432 compositionem
928 2324 1063 2436 ponit3
1090 2323 1288 2435 quoniam
1301 2323 1468 2404 materia
1484 2344 1535 2403 ex
1558 2316 1849 2400 combinatione
1870 2341 1953 2395 non

574 2456 732 2554 egressa
755 2469 842 2525 sese
864 2442 1092 2528 combinent
1123 2471 1204 2527 non
1231 2462 1372 2558 potest.
1396 2443 1478 2528 Ubi
1503 2443 1638 2552 itaque
1656 2439 1823 2521 fluidum
1847 2437 1950 2517 elec·

574 2567 721 2645 trinum
746 2567 819 2647 uni
837 2565 955 2648 alcali·
975 2561 1134 2650 acidum
1156 2567 1309 2680 jungit,
1332 2567 1547 2648 caloninum
1566 2558 1814 2670 hydrogenio
1836 2583 1953 2666 aquas

572 2685 706 2767 locum
714 2681 1062 2802 pracbet3tnmque
1076 2687 1375 2802 hydrugenium‘
1386 2713 1472 2770 sese
1484 2686 1664 2796 implicat
1678 2701 1718 2763 et
1732 2679 1945 2762 odoricum

572 2805 775 2904 liberatur.
789 2807 904 2912 ,Itlcm
911 2809 995 2916 ,fil-
985 2815 1028 2893 in
1056 2809 1593 2914 omnibuscirontuttsntiin.
1612 2804 1759 2903 (ΜΒΝ
1782 2801 1948 2880 mesia

572 2927 617 3006 in
634 2921 875 3006 activitatem
892 2918 1005 3028 ingre
1047 2932 1125 2996 tur.

625 3106 893 3190 Discernenda
923 3121 1055 3186 autem
1084 3119 1146 3186 est
1170 3103 1234 3187 vis
1261 3101 1455 3184 columnas
1483 3103 1661 3186 chemica
1690 3103 1742 3186 ab
1771 3106 1949 3214 ejusdem
2019 3127 2022 3131 ’

573 3229 780 3328 dotrina,
790 3245 958 3336 utraque
975 3227 1087 3330 enimv
1100 3253 1182 3306 non
1199 3216 1357 3335 semper
1369 3228 1496 3308 estin·
1513 3226 1651 3308 eadem
1661 3233 1947 3338 congruentia,

571 3379 700 3462 neque
722 3377 818 3434 reno
837 3351 959 3432 unios
982 3350 1155 3461 cognitio
1171 3349 1223 3431 ad
1248 3349 1412 3432 alterins
1435 3349 1707 3460 cognitionem
1717 3353 1944 3433 necessario

569 3473 733 3555 confert.
750 3473 947 3554 Columna
963 3499 1053 3583 qun
1067 3473 1267 3585 octoginta
1283 3471 1449 3583 paribus
1466 3487 1639 3572 constat,
1658 3473 1694 3554 si
1712 3503 1806 3557 cum
1829 3476 1943 3558 acido

570 3597 851 3706 conjungetur,
867 3593 1001 3676 statim
1014 3611 1220 3705 potassam·
1229 3593 1450 3707 autsodnm
1465 3592 1736 3704 decomposit3
1753 3593 1826 3677 ubi
1842 3623 1940 3680 vero

569 3735 845 3800 mcenmrum
862 3716 1020 3826 perium
1033 3717 1343 3828 aquaveletism
1356 3715 1612 3799 dissolutione
1623 3717 1940 3825 sulphatis-sodae

570 3841 792 3948 compono
803 3855 886 3941 est,
901 3839 1084 3922 eumdem
1102 3837 1296 3923 eflectum-
1307 3865 1397 3921 non
1406 3855 1614 3949 procreat,
1625 3837 1716 3921 licet
1729 3837 1938 3949 longema-

570 3961 700 4066 jorcm·
728 3963 947 4044 tensionem
981 3963 1136 4046 habeat.
1158 3965 1350 4074 Magnum
1377 3978 1567 4071 practerea
1594 3960 1807 4053 discrimen
1826 3964 1939 4052 'circs

569 4081 763 4163 columnae
786 4082 951 4166 effectus
977 4083 1305 4166 animadvertitur
1331 4083 1367 4164 si
1392 4084 1471 4165 duo
1494 4081 1559 4164 fila
1591 4109 1641 4162 ex
1666 4083 1816 4190 plotino
1840 4112 1935 4166 con-

568 4197 670 4282 fecta
690 4205 782 4282 cum
808 4203 891 4312 ejus
908 4205 1010 4314 polis
1038 4206 1388 4302 communicantia,
1417 4205 1630 4314 inaquam
1647 4203 1937 4315 immergantur

568 4349 731 4427 puram,
757 4340 827 4405 aut
854 4353 943 4435 quse
971 4326 1270 4420 dissolutionem
1295 4327 1492 4425 salinam,
1519 4325 1759 4426 alcalinam,
1784 4321 1935 4414 acidam

568 4444 751 4526 continet
771 4445 888 4526 Gazis
916 4446 1022 4527 enim
1053 4447 1178 4555 major
1205 4447 1317 4559 copia
1340 4445 1541 4528 obtinetur
1563 4475 1657 4528 cnm
1673 4449 1717 4530 in
1736 4475 1838 4559 aqua
1861 4447 1931 4528 ali-
