4517 5867
1554 631 1603 702 vi]

233 769 331 876 sed
364 767 505 874 illud
547 804 636 876 me
682 773 916 876 maxime
953 770 1087 878 mihi
1137 759 1462 907 faciendu’my-
1489 821 1605 890 esse

235 929 598 1057 existimasse,
634 952 695 1032 ut
725 929 921 1054 son-tes,
948 927 1098 1036 unde
1128 928 1443 1038 sunCicero
1471 933 1604 1040 hau·

232 1087 394 1210 serit,
421 1110 785 1212 consectarer,
818 1125 1017 1234 eosque
1045 1088 1411 1242 Antiquorum
1435 1086 1605 1234 Scrip-

223 1245 418 1348 torum
456 1243 632 1370 loco's,
671 1249 806 1392 quos
837 1242 930 1349 iile
959 1243 1238 1350 imitando·
1258 1248 1600 1392 expresserit,

224 1393 521 1542 'diiigenter
548 1399 791 1550 undique
828 1381 1081 1504 collectos
1111 1403 1210 1506 rite
1231 1401 1601 1550 disponerem.

226 1549 457 1696 insuper
491 1597 619 1664 vero
656 1554 806 1662 haud
850 1556 953 1662 abs
994 1597 1051 1662 re
1098 1583 1213 1667 esse
1250 1556 1599 1701 judicabam,

229 1703 369 1808 alios
425 1747 644 1856 quoque
696 1706 845 1817 iocos
875 1709 1238 1855 complures,
1278 1714 1386 1815 sive
1430 1713 1601 1852 ipsius

227 1860 507 1968 Ciceronis
547 1867 655 1969 sive
693 1864 926 1972 aliorum
956 1871 1282 2012 scriptorum
1312 1891 1423 1970 tam
1465 1864 1600 1964 anti·
1679 1927 1684 1938 ·

226 2030 470 2162 quorum
513 2060 682 2168 quam
734 2023 1124 2152 recentiorum,
1167 2024 1212 2126 si
1258 2015 1484 2168 quidem
1528 2013 1599 2120 ad

224 2174 622 2286 illustrandum
665 2173 790 2290 hoc·
812 2201 1190 2318 argumentum
1234 2174 1408 2288 facere
1441 2167 1601 2285 vide-

217 2328 468 2455 ·bentur,
498 2329 557 2434 in
588 2325 831 2444 medium
861 2329 1101 2471 proferre
1131 2349 1186 2428 et
1208 2325 1429 2467 curtiliis
1461 2357 1601 2428 com·

220 2500 436 2628 ponere
478 2523 595 2632 quae
633 2485 829 2604 Noster
867 2483 927 2602 in
978 2481 1187 2646 egregio
1229 2476 1334 2620 hoc
1381 2473 1598 2622 dialogo
1658 2469 1661 2472 ’

226 2641 492 2754 tractavit,
664 2661 669 2677 ¹
769 2667 772 2675 “
1140 2710 1144 2715 -

214 3021 220 3030 .
303 2923 569 3058 Quamvis
617 2953 801 3032 autern
849 2932 1146 3038 'laudabilis
1196 2915 1352 3070 inihi
1385 2926 1607 3078 semper

225 3086 346 3190 visa
399 3083 467 3187 sit
522 3080 875 3208 honestarum
948 3117 1132 3194 rerum
1191 3076 1471 3194 'aemulatio
1544 3097 1602 3178 et

220 3242 437 3348 mirum
456 3239 520 3361 ¹iu
548 3235 777 3346 modum
804 3233 1019 3384 placeat
1046 3230 1398 3351 Homericum
1428 3226 1567 3342 iilud
1580 3303 1601 3370 ,Ι

346 3449 350 3458 .
470 3471 543 3546 Atto
562 3472 709 3567 ripis-sinu
727 3471 780 3540 καὶ
798 3471 956 3565 ὑπείροχον
974 3468 1100 3563 ἔμμεναι
1119 3449 1273 3545 &uiti
1334 3453 1343 3468 ⁶

223 3626 576 3774 'dissimulare
613 3653 810 3754 ¹tamen
871 3663 1002 3731 nouv
1030 3658 1287 3769 possum,
1340 3652 1429 3720 me
1484 3648 1598 3716 non

229 3811 519 3940 propterea
569 3784 710 3900 hanc
768 3781 1062 3926 suscepisse
1106 3770 1482 3928 provinciam,-
1535 3789 1599 3870 ut

231 3945 476 4096 palmam
507 3936 971 4052 commilitonibus
1001 3935 1366 4091 disputarem,
1406 3956 1596 4101 verum

233 4133 302 4209 eo
333 4100 567 4208 maximo
591 4095 848 4224 consilio,
878 4117 942 4204 ut
965 4087 1150 4212 vobis,
1179 4086 1596 4188 Honoratrssrmr

236 4255 654 4404 Doctissimique
668 4255 1596 4408 Praeceptores,progressuum‚quos

277 4491 560 4566 *umnam
