4517 5867
633 646 990 719 vntssnnututo
1014 648 1225 721 MEDICA.
1253 634 1260 647 ⁴
1313 674 1326 754 j
1599 652 1639 725 ιδ

282 847 322 910 et
342 826 600 914 meditatione
622 826 666 905 in
686 825 842 907 bonum
861 840 932 907 aut
949 826 1104 910 malum
1121 829 1339 931 convertit,
1357 828 1527 934 deiude,
1549 857 1643 938 per÷
1699 862 1703 868 ⁴

280 968 368 1035 acta
387 950 462 1031 hac
482 955 737 1059 operatione,
754 950 895 1031 dolore
916 965 985 1031 aut
1004 952 1209 1061 voluptate
1236 952 1417 1034 officium.
1444 952 1525 1035 Sed
1546 954 1645 1035 dan·

164 1128 166 1133 ,
281 1092 352 1155 tur
366 1074 450 1156 aliae
464 1101 587 1155 causeo
580 1100 696 1185 quae
708 1072 888 1155 directe
876 1100 920 1154 ιιι
935 1073 1107 1155 animam
1124 1092 1250 1183 agunt
1264 1076 1455 1216 illamque
1465 1094 1651 1179 movent,

282 1195 434 1305 absque
453 1170 738 1305 dijudicatione
766 1213 836 1277 aut
857 1198 1161 1325 perpensatione
1186 1216 1228 1278 ct
1253 1201 1371 1306 quasi
1396 1200 1651 1307 sympathice.

281 1320 411 1400 Pauca
437 1318 541 1399 de''
514 1348 564 1399 ιιι
585 1319 773 1401 iaciemus
792 1320 926 1401 verba.

342 1567 525 1655 Induxus
555 1538 728 1652 musices
760 1571 804 1655 in
829 1570 1004 1651 animum
1029 1569 1252 1678 unicuique
1282 1587 1405 1652 notus
1433 1586 1521 1667 est,
1545 1571 1650 1674 hmo,

202 1736 205 1747 ·
283 1692 462 1777 inritare
472 1692 716 1802 ,aliquando
734 1692 843 1775 illius
862 1709 997 1771 motus
1015 1692 1210 1799 sequitur.
1225 1690 1455 1773 Secundum
1482 1695 1647 1773 musicae

285 1813 584 1920 expressiones,
600 1828 696 1899 mox
724 1816 805 1914 ira,
823 1814 1007 1914 audacis,
1030 1838 1128 1891 mox
1154 1812 1321 1893 affectus
1336 1813 1468 1894 teneri
1485 1812 1647 1893 tundi:

281 1958 362 2041 que
392 1934 638 2027 excitantur3
669 1932 794 2010 modo
826 1934 1011 2011 evehitur
1049 1933 1202 2035 anima,
1238 1933 1363 2013 modo
1403 1933 1649 2044 demittitur,

280 2078 377 2131 mox
396 2052 512 2132 vultu
532 1990 676 2157 gaudia
698 2040 991 2158 depinguntur,
1011 2078 1106 2129 mox
1128 2052 1320 2132 molestiae
1338 2050 1485 2132 indicia
1505 2053 1649 2161 depre-

282 2172 526 2255 henduntur.
534 2166 631 2253 Non
658 2172 820 2251 solum
809 2199 853 2251 ιιι
871 2170 1083 2251 hominem
1102 2170 1371 2253 valetudinis
1351 2190 1551 2283 integrae,
1578 2165 1668 2256 sed'

281 2294 423 2404 majon
412 2294 575 2375 adhuc
602 2296 644 2375 vi
665 2296 709 2373 in
733 2310 994 2401 aegrotantem
1017 2295 1123 2401 agit,
1144 2295 1198 2373 ita
1216 2294 1264 2373 'ut
1270 2293 1370 2402 ejus
1387 2292 1583 2374 influxu
1572 2295 1648 2403 ipsi

278 2414 440 2497 dolores
460 2417 617 2525 physici
636 2418 832 2499 leventur.
851 2418 947 2521 Haec
964 2414 1127 2497 boultas
1141 2415 1321 2504 absoluta
1335 2433 1471 2496 tamen
1489 2444 1573 2495 non
1592 2432 1652 2497 est

276 2564 350 2617 uec
373 2556 580 2637 constans;
603 2566 699 2619 nam
717 2538 835 2619 multi
863 2537 1012 2619 dantur
1030 2538 1219 2620 homines
1245 2538 1466 2620 harmoniae
1484 2537 1648 2619 stimulo

278 2660 540 2743 insensibiles.

333 2891 484 2972 Cantus
503 2890 587 2975 sive
606 2890 717 2968 vocis
739 2885 1001 2966 modulamen
1026 2881 1173 2967 iisdem
1194 2883 1346 2991 gaudet
1368 2888 1590 2969 virtutibus
1610 2916 1654 2969 ac

138 3006 144 3015 ’
280 3014 452 3125 musica,
479 3013 522 3091 in
543 3013 701 3090 minore
735 3026 872 3094 autem
901 3007 1040 3114 gradu.
1092 3056 1096 3064 ·
1533 3041 1537 3047 ·

215 3229 220 3240 ¹
332 3249 562 3361 Spectacula
592 3276 720 3331 seenae
748 3250 871 3330 unimr
859 3249 1101 3333 affectibus
1122 3251 1357 3338 evolvendis
1377 3281 1525 3336 novam
1546 3282 1646 3359 prae-

284 3374 384 3454 bent
404 3374 663 3453 occasionem.
678 3374 788 3453 Dum
804 3374 937 3479 agitur
956 3372 1007 3453 de
1027 3400 1072 3453 re
1088 3373 1215 3453 faceta
1230 3392 1271 3453 et
1290 3375 1443 3480 lepida,
1464 3374 1649 3451 omnium

282 3496 422 3576 animae
444 3496 657 3601 eriguntur
677 3486 882 3604 voluptate
903 3496 1013 3575 suavi
1040 3522 1165 3607 quam
1189 3497 1275 3575 risu
1292 3494 1448 3595 libero,
1473 3496 1650 3598 genuino

279 3616 507 3697 ostendunt
528 3616 703 3698 Econtro
724 3616 931 3724 tragoediae
954 3616 1174 3722 exhibitio,
1192 3618 1325 3765 tristes
1344 3643 1389 3695 cc
1408 3610 1649 3723 lacrymosos

281 3742 322 3819 in
347 3740 491 3818 animis
515 3738 709 3850 relinquit
733 3742 966 3821 emotiones
1144 3750 1149 3756 ’
1662 3765 1666 3773 ’

332 3980 568 4063 Notandum
594 3983 707 4063 venit
732 3981 961 4091 pathemata
984 4006 1076 4090 quae
1104 4004 1156 4058 ex
1182 3977 1312 4057 causis
1330 3958 1457 4058 modo
1486 3976 1651 4087 prolatis

279 4120 416 4183 ortum
445 4102 617 4200 ducunt,
639 4098 839 4177 instabilia
860 4098 1142 4179 tantummodo
1164 4124 1272 4201 esse,
1294 4099 1429 4179 statim
1453 4098 1649 4177 oblivioni
1750 4154 1754 4161 -

280 4222 367 4305 dari
383 4240 426 4303 et
443 4220 608 4303 effectus
627 4221 672 4303 in
682 4223 951 4303 oeconomiam
970 4226 1075 4304 ciere
1097 4248 1183 4303 non
1202 4222 1401 4304 notabiles
1417 4219 1648 4303 admodum.

338 4476 400 4589 Ad
430 4475 532 4555 hane
560 4500 771 4563 causarum
796 4473 958 4565 classem
989 4474 1130 4591 referri
1154 4493 1287 4585 potest
1311 4474 1555 4579 transmissio
1580 4474 1649 4573 illa
