4517 5867
613 643 637 715 e
1002 641 1159 715 mune.
1185 636 1590 712 ncscuocmmr
1672 599 1677 606 ’

526 935 532 946 ‚
614 841 669 923 ob
688 867 775 922 rem
792 869 885 922 cum
904 839 1155 948 peritissimis
1179 836 1435 940 hominibus,
1455 836 1528 945 qui
1551 833 1673 931 olim,
1690 845 1740 912 ut
1758 857 1807 913 ex
1827 833 1978 918 Accon-

612 991 674 1045 sro
700 964 822 1043 refert
841 964 1008 1044 eruns
1028 977 1167 1071 quaest.
1193 959 1323 1038 select
1345 957 1369 1035 l.
1393 985 1434 1054 s,
1455 984 1487 1035 c.
1509 953 1578 1051 36,
1597 956 1685 1034 ausi
1704 981 1792 1033 non
1812 955 1976 1039 fuerunt

612 1087 903 1194 possessionem
927 1081 1115 1182 definire,
1140 1079 1396 1176 dubitarem,
1414 1104 1466 1156 an
1489 1074 1656 1186 quidem
1681 1075 1803 1183 piem
1821 1093 1862 1158 et
1882 1107 1976 1186 per-

610 1206 712 1286 fecta
729 1205 991 1313 possessionis
1014 1201 1197 1282 definitio
1217 1201 1307 1282 dari
1332 1199 1477 1307 possit,
1496 1197 1530 1275 si
1549 1224 1637 1276 eam
1656 1194 1781 1276 hodie
1798 1227 1821 1276 e
1840 1197 1981 1279 doctis

522 1424 529 1433 Ι
609 1328 719 1406 simis
739 1327 888 1407 nostris
905 1322 1206 1403 Professoribus
1232 1321 1484 1430 propositam
1514 1345 1600 1398 non
1627 1317 1830 1398 haberem.
1861 1322 1979 1423 Quo·

506 1487 510 1496 ·
608 1448 733 1528 modo
752 1475 848 1552 ergo
858 1471 948 1524 eum
967 1443 1231 1524 definiemus?
1246 1445 1296 1522 Iu
1313 1444 1356 1521 L
1377 1467 1413 1540 1,
1431 1439 1550 1549 prii.
1568 1440 1607 1519 h.
1620 1457 1647 1521 t.
1659 1441 1834 1522 vidimus
1848 1469 1977 1522 cama

610 1571 740 1648 Pinio
752 1570 809 1646 sic
819 1563 1202 1671 decribitpossessio
1215 1562 1411 1671 appellata
1419 1561 1689 1670 estapedibus
1698 1564 1810 1672 quasi
1820 1563 1974 1670 pedum

611 1689 776 1796 positio,
798 1703 868 1765 aut
890 1682 1003 1792 juxta
1020 1683 1148 1764 libros
1166 1685 1426 1769 Florentinos
1447 1714 1470 1767 a
1486 1684 1652 1766 sedibus
1669 1681 1782 1795 quasi
1801 1689 1972 1792 positio,

609 1807 705 1916 quia
726 1809 760 1889 is
784 1807 856 1916 qui
877 1803 1075 1913 possidet,
1103 1809 1163 1885 rei
1187 1805 1358 1906 insidet,
1390 1808 1547 1888 insistit.
1576 1807 1708 1886 Graeci
1735 1833 1832 1886 vero
1862 1806 1976 1888 dixe·

608 1946 706 2008 runt
719 1955 805 2009 eam
826 1955 911 2008 esse
930 1925 1207 2008 detentionem
1227 1931 1469 2031 naturalem,
1488 1933 1737 2011 Tunornmns
1748 1931 1792 2008 in
1807 1932 1898 2009 inst
1923 1930 1975 2010 de

605 2047 749 2128 interd.
777 2049 919 2130 definit
948 2075 1037 2130 eam
1068 2048 1349 2130 detentionem
1376 2055 1437 2129 rei
1465 2051 1695 2158 corporalis.
1716 2053 1769 2130 At
1789 2067 1972 2130 neutram

606 2165 750 2247 harum
776 2165 1060 2246 definitionum
1087 2183 1315 2246 accuratam
1341 2193 1449 2266 esse,
1469 2195 1592 2248 nemo
1613 2198 1699 2248 non
1721 2172 1862 2270 sentit,
1886 2197 1979 2247 cum

606 2314 655 2366 ex
672 2287 844 2394 utrdqne
863 2284 1000 2387 nobis,
1014 2312 1124 2388 eum,
1143 2289 1216 2396 qni
1234 2315 1323 2368 rem
1332 2289 1552 2398 quamdam
1569 2317 1658 2369 eam
1670 2316 1767 2368 mox
1782 2286 1979 2370 reddendi

606 2407 722 2488 cnusd
732 2407 818 2487 sine
835 2407 1035 2488 tituloaut
1048 2411 1185 2488 ummo
1203 2409 1282 2490 sibi
1296 2410 1473 2492 habendi
1493 2413 1661 2506 detinet,
1672 2409 1898 2518 possidere,
1913 2409 1978 2487 di-

605 2527 778 2603 cendum
798 2546 909 2604 esset
930 2529 1044 2632 Quid
1062 2531 1186 2636 ergo?
1205 2531 1501 2613 Celeberrimus
1514 2533 1687 2609 Vonrms
1705 2557 1744 2608 n.
1766 2557 1803 2626 1,
1820 2529 1873 2607 ad
1891 2529 1928 2606 h.
1949 2546 1976 2607 t.

606 2659 714 2724 reete
725 2699 737 2744 ,
750 2657 796 2719 ut
811 2643 976 2749 opinor,
992 2651 1172 2722 retunns
1189 2640 1466 2717 definitionem
1483 2641 1617 2716 Vnum
1637 2648 1755 2748 dicit,
1779 2673 1867 2726 eam
1888 2675 1976 2728 esse

604 2763 881 2843 detentionem
901 2761 960 2840 rei
984 2758 1201 2866 corporalis
1223 2759 1359 2838 auimo
1377 2758 1457 2835 sibi
1474 2757 1674 2872 nubendi,
1695 2780 1848 2846 estnec
1866 2767 1974 2864 haee,

602 2885 697 2964 licet
718 2909 806 2962 eum
824 2879 1049 2988 pleniorem
1076 2875 1353 2987 quamplures
1374 2875 1469 2956 olins
1492 2877 1684 2983 habeam,
1702 2881 1802 2988 mihi
1826 2885 1976 2966 admit.

605 3005 727 3087 tenda
743 3001 923 3099 videtum
943 3004 1093 3100 etenim
1107 3028 1158 3081 ex
1169 2999 1245 3080 hac
1257 3001 1459 3108 sequitur,
1474 3025 1539 3080 res
1560 3017 1671 3081 extre
1681 3011 1974 3088 commercium

605 3127 840 3206 constitutas
858 3122 1055 3242 possideri
1069 3149 1208 3238 posse,
1225 3120 1339 3236 quod
1358 3137 1494 3207 tamen
1513 3149 1565 3204 ex
1582 3127 1625 3203 L.
1639 3123 1749 3229 23,§
1772 3156 1818 3230 n,
1836 3131 1881 3206 L.
1899 3129 1951 3210 30
1958 3191 1979 3232 λ

603 3251 630 3346 §
654 3275 668 3326 1
698 3245 739 3324 ff.
760 3246 796 3327 h.
816 3263 844 3326 t
865 3249 1033 3326 omnino
1049 3243 1284 3351 negandum
1300 3261 1381 3340 est3
1406 3271 1501 3322 num
1516 3262 1556 3324 et
1578 3247 1639 3348 ei,
1657 3250 1730 3360 qui
1750 3251 1882 3328 vinxit
1899 3249 1973 3328 ho·

602 3369 753 3448 minem
771 3367 970 3466 liberum,
988 3386 1058 3452 aut
1073 3370 1148 3476 qui
1160 3365 1299 3448 locum
1316 3365 1551 3470 religiosum
1563 3385 1797 3448 sanctumve
1819 3370 1972 3450 detinet

603 3491 737 3571 animo
749 3490 826 3570 sibi
839 3488 1034 3592 habendi,
1050 3490 1210 3568 tametsi
1229 3503 1459 3568 contemnat
1477 3489 1717 3593 religionem
1739 3506 1779 3568 et
1791 3518 1867 3597 pro
1886 3493 1970 3597 pri·

603 3625 695 3690 rato
715 3635 809 3688 eum
821 3627 974 3708 tenent,
988 3609 1212 3716 denegatur
1225 3610 1444 3716 possessio,
1461 3610 1557 3717 quia
1571 3609 1648 3687 iilae
1665 3637 1728 3688 res
1740 3627 1834 3688 sunt
1849 3636 1967 3717 pror-

601 3755 669 3812 eus
686 3747 877 3840 exemptae
889 3735 1204 3834 commerci0,et
1221 3732 1279 3818 sic
1289 3744 1365 3810 nec
1378 3728 1577 3837 possideri
1596 3747 1770 3838 possunt.
1786 3727 1967 3837 ideoque

602 3851 797 3933 arbitrans
828 3853 1001 3934 aVobis
1033 3853 1296 3966 possessionis
1329 3850 1604 3942 definitionem
1634 3853 1823 3930 insensu
1856 3849 1968 3972 civili

602 3987 643 4050 et
663 3973 837 4079 juridico
862 3977 993 4082 rogari
1023 3975 1129 4054 malo
1158 4003 1269 4074 eam,
1295 3989 1342 4052 ut
1366 4001 1459 4052 cum
1487 4001 1561 4056 suo
1585 3971 1748 4052 definito
1785 3971 1968 4077 recipro-

603 4109 738 4198 cetur,
761 4095 839 4176 hoc
863 4097 988 4180 modo
1010 4093 1179 4175 definire
1203 4097 1415 4202 :possessio
1441 4113 1498 4171 est
1518 4093 1686 4169 menno
1708 4093 1765 4166 rei
1786 4116 1970 4195 corporae

601 4211 713 4294 lirin
735 4220 965 4296 commmio
996 4219 1213 4296 comtitutoe
1231 4241 1324 4292 cum
1343 4213 1480 4290 annm
1506 4213 1583 4290 sibi
1598 4209 1782 4290 habendi.
1809 4213 1971 4290 Dicitur

608 4350 649 4406 1⁰
668 4335 902 4440 simpliciter
930 4334 1099 4413 detentio
1129 4362 1216 4416 nou
1242 4332 1378 4417 addito
1402 4359 1503 4412 voce
1529 4334 1732 4412 natumlcs
1759 4350 1830 4412 aut
1839 4333 1963 4432 fieta,

603 4451 714 4562 quia,
735 4481 827 4542 cum
845 4453 969 4538 semel
986 4455 1045 4536 rei
1066 4453 1275 4557 cujusdam
1291 4457 1584 4567 possessiouem
1602 4451 1775 4561 adeptus
1790 4455 1885 4554 sim,
1904 4481 1967 4530 re-

2239 852 2241 949 t
