4517 5867
580 607 625 653 ro
968 578 1160 651 JOANNIS
1184 580 1410 651 BarrtsrAE
1435 582 1593 651 Murra

573 776 807 887 ponentium
832 772 1150 855 determinationi
1177 772 1265 853 fixae
1289 789 1444 883 praeest.
1469 774 1553 875 Qui
1575 786 1789 888 apparatus
1815 787 1952 879 aperte

572 895 857 981 demonstravit
877 894 997 975 fluida
1012 896 1192 977 electrica
1210 912 1249 975 et
1266 896 1470 1005 galvanica
1486 894 1594 974 idem
1610 923 1706 976 esse
1726 898 1839 977 Hanc
1862 922 1955 1003 pro·

571 1020 664 1103 bam
683 1046 776 1099 mox
795 1014 960 1099 Carlisle
978 1035 1018 1099 et
1035 1018 1252 1101 Nicholson
1269 1020 1520 1129 peculiariter
1538 1033 1783 1117 tractamnt3
1802 1018 1950 1127 quippe

572 1140 709 1251 qui,iu
728 1142 885 1223 metallo
902 1139 1020 1223 debili
1039 1158 1189 1225 statum
1203 1144 1452 1255 negativum,
1469 1142 1514 1223 in
1529 1139 1713 1226 validiori
1730 1140 1949 1250 positivum

570 1266 818 1347 invenerunt.
832 1264 970 1375 Itaque
983 1248 1128 1375 aquam
1144 1263 1684 1377 deoomposuerunteomodo
1698 1280 1744 1347 ut
1757 1263 1949 1346 elementa

570 1384 655 1491 ejus
674 1388 940 1485 restituerint3
956 1389 1026 1497 qui
1044 1416 1137 1469 cum
1154 1390 1197 1470 in
1214 1417 1357 1499 magna
1372 1391 1592 1499 quantitate
1609 1388 1652 1469 id
1668 1386 1862 1488 facerent,
1877 1386 1949 1467 ob·

569 1526 780 1589 servarunt
802 1510 860 1591 sic
876 1510 1101 1593 institutam
1119 1508 1355 1591 'columnam
1376 1502 1641 1593 in'activitate
1663 1508 1837 1591 chemica
1859 1512 1946 1620 oogi
2001 1547 2005 1553 ·

568 1646 615 1717 ut
636 1630 863 1739 sumptibus
883 1632 1061 1741 corporis
1083 1632 1239 1715 humidi
1258 1660 1344 1715 sese
1360 1631 1684 1743 deoomponentis
1701 1629 1945 1731 reficeretur,

567 1767 741 1862 tonoque
762 1781 909 1865 aquam
930 1754 1091 1837 oridnre
1112 1756 1319 1837 metallum
1339 1755 1535 1858 validum,
1553 1772 1674 1867 atque
1690 1753 1750 1835 sio
1770 1752 1947 1863 praebere

566 1870 719 1954 fontem
741 1874 1039 1959 instaurationis
1062 1906 1137 1989 pro
1160 1879 1352 1962 exhausta
1379 1882 1567 1962 oonflnua
1588 1878 1827 1961 oneratione.
1852 1879 1947 1967 Ani-

566 1996 866 2081 madverterunt
885 2002 1050 2112 insuper
1071 2001 1366 2115 hydrogenium
1381 2004 1514 2086 evolvi
1534 2004 1577 2083 in
1594 2002 1689 2112 poio
1706 2000 1889 2111 negativo
1906 2014 1946 2080 et

564 2119 793 2227 exigentem
818 2124 861 2205 in
888 2125 981 2233 polo
1007 2124 1191 2235 positivo.
1206 2178 1210 2187 -
1228 2126 1353 2207 Primi
1388 2126 1509 2206 etiam
1544 2124 1808 2205 observarint
1839 2124 1943 2204 inter

564 2256 776 2352 utramque
823 2247 1018 2326 oolumnae
1058 2248 1349 2326 extremitatem
1385 2247 1578 2328 scintillas
1617 2245 1780 2328 excitari
1815 2272 1943 2355 posse.

565 2362 842 2447 Gruikschank
854 2368 1017 2478 agnovit
1029 2368 1592 2479 oolumnteimpregnationetn
1614 2396 1688 2478 per
1706 2369 1945 2451 solutionem

564 2483 748 2562 muriatis
761 2490 998 2568 ammoniaci
1012 2489 1190 2593 ejusdem
1203 2492 1404 2599 energiam
1421 2491 1537 2572 valde
1556 2516 1711 2600 augere.
1726 2488 1830 2569 salia
1847 2489 1945 2567 aloa·

563 2600 645 2681 lina
674 2620 714 2682 et
739 2620 867 2685 terrea
894 2607 937 2687 in
965 2608 1148 2717 proxima
1180 2637 1320 2691 eorum
1346 2610 1625 2693 eonstituentia
1654 2625 1695 2689 et
1717 2610 1763 2690 in
1789 2626 1942 2691 remota

563 2724 754 2807 elementa
772 2726 889 2807 orrida
907 2730 1050 2823 salium
1069 2732 1364 2813 metallioorum
1371 2731 1587 2815 distribuit.
1606 2728 1767 2835 Quibus
1783 2732 1837 2811 ita
1852 2755 1944 2810 oon·

561 2846 713 2923 stitutio
723 2849 980 2949 primumilie
998 2853 1324 2956 progrediebatur
1340 2856 1392 2935 ad
1411 2853 1609 2941 subsidia,
1626 2878 1751 2951 eaque
1768 2850 1942 2949 infinita,

550 2990 651 3073 -quae
675 2960 858 3043 oolumna
879 2957 1048 3042 voltaioa
1065 2984 1162 3037 mox
1179 2975 1226 3039 ut
1243 2986 1364 3067 agens
1384 2960 1569 3042 ohemieoe
1589 2961 1942 3073 decompositionis

562 3084 744 3197 prebuit.
762 3080 832 3162 Ille
855 3078 961 3161 enim
978 3077 1174 3160 rationem
1194 3079 1432 3190 excogitavit
1447 3108 1528 3192 qna
1545 3087 1759 3194 separatim
1779 3116 1873 3199 gaza
1891 3120 1941 3176 ex

559 3190 675 3317 aquae
699 3202 1030 3313 decompositione
1054 3218 1144 3284 orta
1164 3201 1464 3313 eolligerentur3
1494 3206 1800 3319 oxigeniumque
1823 3241 1939 3322 aquae

562 3326 872 3425 iluidoeleetrico
881 3324 1934 3438 detrabi‚hydrogeniumreroadgaziastatumraduei

561 3450 797 3535 observavit.
820 3448 930 3529 Idem
950 3450 1078 3530 serius
1099 3451 1293 3531 columnae
1311 3450 1482 3531 formam
1501 3452 1745 3554 immutavit,
1770 3483 1936 3567 eamque

562 3570 868 3665 commodiorem
886 3588 926 3649 et
940 3570 1148 3679 apparatui
1164 3571 1407 3653 instituendo
1423 3574 1618 3681 aptiorem
1636 3575 1827 3676 reddidit3
1851 3579 1935 3658 lon-

563 3695 789 3802 gioremque
802 3691 1001 3801 energiam
1015 3690 1201 3801 praebuit,
1218 3693 1416 3802 imprimis
1429 3694 1626 3796 idoneam,
1641 3724 1728 3806 quae
1741 3696 1933 3781 notabiles
1990 3761 1996 3767 -

562 3814 725 3898 effectus
752 3814 947 3896 chemiooa
975 3807 1211 3924 procrearet.
1237 3817 1399 3926 loquor
1424 3818 1474 3899 de
1500 3818 1683 3901 oolumna
1709 3821 1932 3922 oellulis,d

561 3940 885 4043 compartionem,
913 3936 1115 4019 confecta:
1144 3949 1234 4048 quae
1259 3940 1302 4019 in
1324 3956 1530 4049 posterum
1553 3941 1737 4024 universe
1756 3970 1932 4052 compro·

562 4055 653 4137 bata
680 4074 719 4136 et
745 4075 899 4167 reoepta
927 4075 997 4139 est.
1025 4060 1207 4161 Quodsi
1234 4062 1418 4146 oolumna
1444 4063 1753 4173 decomponatur
1779 4066 1930 4147 murias

562 4178 678 4259 calcis
695 4178 895 4291 obtinetur
908 4182 950 4261 in
968 4181 1059 4289 polo
1071 4182 1244 4291 positivo
1263 4184 1460 4285 chiorum,
1477 4186 1586 4296 quod
1603 4187 1681 4268 nisi
1695 4188 1929 4269 simultanea

441 4300 455 4322 ⁶
561 4299 655 4381 saris
682 4318 722 4383 et
747 4329 858 4411 aqum
883 4303 1339 4413 decompositioneoriri
1365 4307 1568 4415 potuisset.
1598 4310 1723 4393 Creve
1749 4310 1927 4421 lagenam

562 4422 773 4509 leidensem
787 4454 878 4509 oum
900 4446 1100 4509 onerasset
1117 4430 1310 4515 oolumnae
1330 4454 1420 4539 ope,
1444 4430 1637 4538 ejusmodi
1659 4432 1928 4543 experimento
