<?xml version="1.0" encoding="UTF-8"?>
<!DOCTYPE html PUBLIC "-//W3C//DTD XHTML 1.0 Transitional//EN"
    "http://www.w3.org/TR/xhtml1/DTD/xhtml1-transitional.dtd">
<html xmlns="http://www.w3.org/1999/xhtml" xml:lang="en" lang="en">
 <head>
  <title>
</title>
<meta http-equiv="Content-Type" content="text/html;charset=utf-8" />
  <meta name='ocr-system' content='tesseract 3.04.00' />
  <meta name='ocr-capabilities' content='ocr_page ocr_carea ocr_par ocr_line ocrx_word'/>
</head>
<body>
  <div class='ocr_page' id='page_1' title='image "annalesacademia01goog_0490.png"; bbox 0 0 4517 5867; ppageno 0'>
   <div class='ocr_carea' id='block_1_1' title="bbox 641 652 1670 735">
    <p class='ocr_par' dir='ltr' id='par_1_1' title="bbox 641 652 1670 735">
     <span class='ocr_line' id='line_1_1' title="bbox 641 652 1670 735; baseline -0.009 -1"><span class='ocrx_word' id='word_1_1' title='bbox 641 660 685 735; x_wconf 80' lang='lat'><strong>16</strong></span> <span class='ocrx_word' id='word_1_2' title='bbox 941 658 1160 731; x_wconf 81' lang='lat' dir='ltr'>ANDREAE</span> <span class='ocrx_word' id='word_1_3' title='bbox 1183 654 1357 729; x_wconf 79' lang='lat' dir='ltr'>COHEN</span> <span class='ocrx_word' id='word_1_4' title='bbox 1382 652 1670 729; x_wconf 74' lang='lat' dir='ltr'>KHONRAAD</span> 
     </span>
    </p>
   </div>
   <div class='ocr_carea' id='block_1_2' title="bbox 593 837 2009 1921">
    <p class='ocr_par' dir='ltr' id='par_1_2' title="bbox 593 837 2009 1921">
     <span class='ocr_line' id='line_1_2' title="bbox 593 837 2003 951; baseline -0.004 -24"><span class='ocrx_word' id='word_1_5' title='bbox 593 892 597 899; x_wconf 92' lang='lat'><strong>·</strong></span> <span class='ocrx_word' id='word_1_6' title='bbox 637 848 784 951; x_wconf 85' lang='lat' dir='ltr'><strong>facilis,</strong></span> <span class='ocrx_word' id='word_1_7' title='bbox 804 844 1014 929; x_wconf 86' lang='lat' dir='ltr'><strong>subitanea</strong></span> <span class='ocrx_word' id='word_1_8' title='bbox 1044 846 1097 926; x_wconf 93' lang='lat' dir='ltr'><strong>ab</strong></span> <span class='ocrx_word' id='word_1_9' title='bbox 1117 844 1284 925; x_wconf 89' lang='lat' dir='ltr'><strong>homine</strong></span> <span class='ocrx_word' id='word_1_10' title='bbox 1307 844 1360 924; x_wconf 87' lang='lat' dir='ltr'><strong>ad</strong></span> <span class='ocrx_word' id='word_1_11' title='bbox 1381 844 1565 925; x_wconf 86' lang='lat' dir='ltr'><strong>alterum.</strong></span> <span class='ocrx_word' id='word_1_12' title='bbox 1581 837 1813 949; x_wconf 79' lang='lat' dir='ltr'><strong>sympathia</strong></span> <span class='ocrx_word' id='word_1_13' title='bbox 1839 857 1899 920; x_wconf 87' lang='lat' dir='ltr'><strong>est</strong></span> <span class='ocrx_word' id='word_1_14' title='bbox 1923 864 2003 923; x_wconf 88' lang='lat' dir='ltr'><strong>uo·</strong></span> 
     </span>
     <span class='ocr_line' id='line_1_3' title="bbox 635 960 2004 1077; baseline -0.007 -28"><span class='ocrx_word' id='word_1_15' title='bbox 635 968 701 1049; x_wconf 88' lang='lat' dir='ltr'><strong>bis</strong></span> <span class='ocrx_word' id='word_1_16' title='bbox 722 969 935 1073; x_wconf 81' lang='lat' dir='ltr'><strong>incognita·</strong></span> <span class='ocrx_word' id='word_1_17' title='bbox 949 982 991 1047; x_wconf 92' lang='lat' dir='ltr'><strong>et</strong></span> <span class='ocrx_word' id='word_1_18' title='bbox 1011 967 1278 1077; x_wconf 85' lang='lat' dir='ltr'><strong>reputationis</strong></span> <span class='ocrx_word' id='word_1_19' title='bbox 1304 964 1550 1072; x_wconf 87' lang='lat' dir='ltr'><strong>dignissima.</strong></span> <span class='ocrx_word' id='word_1_20' title='bbox 1573 966 1655 1043; x_wconf 86' lang='lat' dir='ltr'><strong>Vix</strong></span> <span class='ocrx_word' id='word_1_21' title='bbox 1681 960 1890 1041; x_wconf 89' lang='lat' dir='ltr'><strong>huminem</strong></span> <span class='ocrx_word' id='word_1_22' title='bbox 1911 986 2004 1040; x_wconf 90' lang='lat' dir='ltr'><strong>con·</strong></span> 
     </span>
     <span class='ocr_line' id='line_1_4' title="bbox 636 1082 2007 1199; baseline -0.007 -31"><span class='ocrx_word' id='word_1_23' title='bbox 636 1086 860 1171; x_wconf 76' lang='lat' dir='ltr'><strong>sideramus</strong></span> <span class='ocrx_word' id='word_1_24' title='bbox 878 1104 1082 1191; x_wconf 89' lang='lat' dir='ltr'><strong>emotum,</strong></span> <span class='ocrx_word' id='word_1_25' title='bbox 1102 1090 1204 1199; x_wconf 90' lang='lat' dir='ltr'><strong>quin</strong></span> <span class='ocrx_word' id='word_1_26' title='bbox 1225 1087 1440 1168; x_wconf 90' lang='lat' dir='ltr'><strong>emotionis</strong></span> <span class='ocrx_word' id='word_1_27' title='bbox 1459 1086 1545 1195; x_wconf 87' lang='lat' dir='ltr'><strong>ejus</strong></span> <span class='ocrx_word' id='word_1_28' title='bbox 1558 1112 1633 1167; x_wconf 89' lang='lat' dir='ltr'><strong>nos</strong></span> <span class='ocrx_word' id='word_1_29' title='bbox 1654 1085 1774 1165; x_wconf 73' lang='lat' dir='ltr'><strong>edam</strong></span> <span class='ocrx_word' id='word_1_30' title='bbox 1793 1082 2007 1193; x_wconf 77' lang='lat' dir='ltr'>participes</span> 
     </span>
     <span class='ocr_line' id='line_1_5' title="bbox 632 1204 2004 1314; baseline -0.007 -23"><span class='ocrx_word' id='word_1_31' title='bbox 632 1212 864 1314; x_wconf 86' lang='lat' dir='ltr'><strong>sentiamus,</strong></span> <span class='ocrx_word' id='word_1_32' title='bbox 884 1211 1118 1293; x_wconf 84' lang='lat' dir='ltr'><strong>sublevatur</strong></span> <span class='ocrx_word' id='word_1_33' title='bbox 1136 1212 1258 1291; x_wconf 90' lang='lat' dir='ltr'><strong>etiam</strong></span> <span class='ocrx_word' id='word_1_34' title='bbox 1273 1212 1406 1291; x_wconf 87' lang='lat' dir='ltr'><strong>anima</strong></span> <span class='ocrx_word' id='word_1_35' title='bbox 1416 1224 1554 1289; x_wconf 89' lang='lat' dir='ltr'><strong>nostra</strong></span> <span class='ocrx_word' id='word_1_36' title='bbox 1575 1208 1640 1290; x_wconf 82' lang='lat' dir='ltr'><strong>rel</strong></span> <span class='ocrx_word' id='word_1_37' title='bbox 1661 1204 1803 1287; x_wconf 90' lang='lat' dir='ltr'><strong>eadem</strong></span> <span class='ocrx_word' id='word_1_38' title='bbox 1818 1204 2004 1313; x_wconf 84' lang='lat' dir='ltr'><strong>passione</strong></span> 
     </span>
     <span class='ocr_line' id='line_1_6' title="bbox 634 1325 2006 1434; baseline -0.006 -23"><span class='ocrx_word' id='word_1_39' title='bbox 634 1332 700 1411; x_wconf 81' lang='lat' dir='ltr'><strong>vel</strong></span> <span class='ocrx_word' id='word_1_40' title='bbox 718 1331 849 1413; x_wconf 86' lang='lat' dir='ltr'><strong>altera.</strong></span> <span class='ocrx_word' id='word_1_41' title='bbox 870 1335 979 1415; x_wconf 88' lang='lat' dir='ltr'><strong>Dum</strong></span> <span class='ocrx_word' id='word_1_42' title='bbox 997 1334 1206 1415; x_wconf 89' lang='lat' dir='ltr'><strong>homiuem</strong></span> <span class='ocrx_word' id='word_1_43' title='bbox 1227 1332 1286 1411; x_wconf 88' lang='lat' dir='ltr'><strong>ira</strong></span> <span class='ocrx_word' id='word_1_44' title='bbox 1308 1329 1426 1411; x_wconf 86' lang='lat' dir='ltr'><strong>valde</strong></span> <span class='ocrx_word' id='word_1_45' title='bbox 1447 1332 1667 1411; x_wconf 81' lang='lat' dir='ltr'><strong>excitatum</strong></span> <span class='ocrx_word' id='word_1_46' title='bbox 1686 1325 2006 1434; x_wconf 83' lang='lat' dir='ltr'><strong>contemplamur</strong></span> 
     </span>
     <span class='ocr_line' id='line_1_7' title="bbox 634 1450 2006 1561; baseline -0.005 -30"><span class='ocrx_word' id='word_1_47' title='bbox 634 1453 718 1532; x_wconf 89' lang='lat' dir='ltr'><strong>sive</strong></span> <span class='ocrx_word' id='word_1_48' title='bbox 746 1454 832 1561; x_wconf 88' lang='lat' dir='ltr'><strong>ipsa</strong></span> <span class='ocrx_word' id='word_1_49' title='bbox 859 1456 918 1532; x_wconf 86' lang='lat' dir='ltr'><strong>ira</strong></span> <span class='ocrx_word' id='word_1_50' title='bbox 947 1457 1030 1533; x_wconf 84' lang='lat' dir='ltr'><strong>sive</strong></span> <span class='ocrx_word' id='word_1_51' title='bbox 1065 1468 1201 1549; x_wconf 88' lang='lat' dir='ltr'><strong>metu,</strong></span> <span class='ocrx_word' id='word_1_52' title='bbox 1242 1454 1512 1550; x_wconf 75' lang='lat' dir='ltr'><strong>aversatione,</strong></span> <span class='ocrx_word' id='word_1_53' title='bbox 1533 1450 1811 1557; x_wconf 76' lang='lat' dir='ltr'><strong>compassione</strong></span> <span class='ocrx_word' id='word_1_54' title='bbox 1834 1472 2006 1526; x_wconf 89' lang='lat' dir='ltr'><strong>commo·</strong></span> 
     </span>
     <span class='ocr_line' id='line_1_8' title="bbox 634 1568 2008 1677; baseline -0.002 -26"><span class='ocrx_word' id='word_1_55' title='bbox 634 1596 787 1651; x_wconf 81' lang='lat' dir='ltr'><strong>remur.</strong></span> <span class='ocrx_word' id='word_1_56' title='bbox 796 1574 918 1651; x_wconf 89' lang='lat' dir='ltr'><strong>Visus</strong></span> <span class='ocrx_word' id='word_1_57' title='bbox 929 1572 1116 1677; x_wconf 87' lang='lat' dir='ltr'><strong>pauperis</strong></span> <span class='ocrx_word' id='word_1_58' title='bbox 1126 1568 1519 1647; x_wconf 82' lang='lat' dir='ltr'><strong>commiserationem</strong></span> <span class='ocrx_word' id='word_1_59' title='bbox 1527 1569 1621 1665; x_wconf 82' lang='lat' dir='ltr'><strong>ciet3</strong></span> <span class='ocrx_word' id='word_1_60' title='bbox 1631 1571 1862 1649; x_wconf 85' lang='lat' dir='ltr'><strong>societatem</strong></span> <span class='ocrx_word' id='word_1_61' title='bbox 1873 1590 2008 1674; x_wconf 85' lang='lat' dir='ltr'><strong>quum·</strong></span> 
     </span>
     <span class='ocr_line' id='line_1_9' title="bbox 635 1683 2009 1798; baseline -0.002 -29"><span class='ocrx_word' id='word_1_62' title='bbox 635 1688 730 1769; x_wconf 88' lang='lat' dir='ltr'><strong>dam</strong></span> <span class='ocrx_word' id='word_1_63' title='bbox 747 1692 816 1768; x_wconf 81' lang='lat' dir='ltr'><strong>rix</strong></span> <span class='ocrx_word' id='word_1_64' title='bbox 839 1685 1121 1795; x_wconf 78' lang='lat' dir='ltr'><strong>adgredimur,</strong></span> <span class='ocrx_word' id='word_1_65' title='bbox 1141 1687 1245 1797; x_wconf 90' lang='lat' dir='ltr'><strong>quin</strong></span> <span class='ocrx_word' id='word_1_66' title='bbox 1262 1712 1408 1766; x_wconf 88' lang='lat' dir='ltr'><strong>eorum</strong></span> <span class='ocrx_word' id='word_1_67' title='bbox 1424 1690 1498 1798; x_wconf 85' lang='lat' dir='ltr'><strong>qui</strong></span> <span class='ocrx_word' id='word_1_68' title='bbox 1513 1683 1616 1769; x_wconf 83' lang='lat' dir='ltr'><strong>hanc</strong></span> <span class='ocrx_word' id='word_1_69' title='bbox 1633 1705 1909 1796; x_wconf 89' lang='lat' dir='ltr'><strong>componunt,</strong></span> <span class='ocrx_word' id='word_1_70' title='bbox 1926 1686 2009 1767; x_wconf 88' lang='lat' dir='ltr'><strong>dis·</strong></span> 
     </span>
     <span class='ocr_line' id='line_1_10' title="bbox 635 1808 1834 1921; baseline -0.004 -31"><span class='ocrx_word' id='word_1_71' title='bbox 635 1811 830 1916; x_wconf 83' lang='lat' dir='ltr'><strong>positioni</strong></span> <span class='ocrx_word' id='word_1_72' title='bbox 844 1809 1094 1921; x_wconf 82' lang='lat' dir='ltr'><strong>pedetentim</strong></span> <span class='ocrx_word' id='word_1_73' title='bbox 1110 1834 1186 1916; x_wconf 80' lang='lat' dir='ltr'><strong>uos</strong></span> <span class='ocrx_word' id='word_1_74' title='bbox 1208 1808 1558 1891; x_wconf 84' lang='lat' dir='ltr'><strong>accommodemus</strong></span> <span class='ocrx_word' id='word_1_75' title='bbox 1575 1812 1686 1889; x_wconf 87' lang='lat' dir='ltr'><strong>etsie</strong></span> <span class='ocrx_word' id='word_1_76' title='bbox 1698 1832 1834 1913; x_wconf 85' lang='lat' dir='ltr'><strong>porro.</strong></span> 
     </span>
    </p>
   </div>
   <div class='ocr_carea' id='block_1_3' title="bbox 633 1995 2031 2605">
    <p class='ocr_par' dir='ltr' id='par_1_3' title="bbox 633 1995 2031 2605">
     <span class='ocr_line' id='line_1_11' title="bbox 690 1995 2010 2107; baseline -0.005 -22"><span class='ocrx_word' id='word_1_77' title='bbox 690 2000 847 2085; x_wconf 91' lang='lat' dir='ltr'><strong>Eodem</strong></span> <span class='ocrx_word' id='word_1_78' title='bbox 877 2002 1152 2081; x_wconf 86' lang='lat' dir='ltr'><strong>mechanismo</strong></span> <span class='ocrx_word' id='word_1_79' title='bbox 1172 2016 1311 2085; x_wconf 86' lang='lat' dir='ltr'><strong>orator</strong></span> <span class='ocrx_word' id='word_1_80' title='bbox 1332 2001 1399 2081; x_wconf 90' lang='lat' dir='ltr'><strong>cui</strong></span> <span class='ocrx_word' id='word_1_81' title='bbox 1428 2024 1573 2107; x_wconf 80' lang='lat' dir='ltr'><strong>magna</strong></span> <span class='ocrx_word' id='word_1_82' title='bbox 1599 1998 1660 2079; x_wconf 84' lang='lat' dir='ltr'><strong>vis</strong></span> <span class='ocrx_word' id='word_1_83' title='bbox 1695 1995 1856 2079; x_wconf 91' lang='lat' dir='ltr'><strong>dicendi</strong></span> <span class='ocrx_word' id='word_1_84' title='bbox 1882 1997 2010 2101; x_wconf 88' lang='lat' dir='ltr'><strong>inest,</strong></span> 
     </span>
     <span class='ocr_line' id='line_1_12' title="bbox 633 2120 2009 2233; baseline -0.006 -24"><span class='ocrx_word' id='word_1_85' title='bbox 633 2150 822 2209; x_wconf 80' lang='lat' dir='ltr'><strong>sermone</strong></span> <span class='ocrx_word' id='word_1_86' title='bbox 841 2122 969 2227; x_wconf 88' lang='lat' dir='ltr'><strong>elato,</strong></span> <span class='ocrx_word' id='word_1_87' title='bbox 994 2122 1201 2203; x_wconf 84' lang='lat' dir='ltr'><strong>auditores</strong></span> <span class='ocrx_word' id='word_1_88' title='bbox 1225 2120 1431 2232; x_wconf 89' lang='lat' dir='ltr'><strong>percellit,</strong></span> <span class='ocrx_word' id='word_1_89' title='bbox 1450 2139 1572 2233; x_wconf 86' lang='lat' dir='ltr'><strong>atque</strong></span> <span class='ocrx_word' id='word_1_90' title='bbox 1592 2120 1758 2203; x_wconf 87' lang='lat' dir='ltr'><strong>eusdem</strong></span> <span class='ocrx_word' id='word_1_91' title='bbox 1782 2136 1917 2201; x_wconf 90' lang='lat' dir='ltr'><strong>motus</strong></span> <span class='ocrx_word' id='word_1_92' title='bbox 1943 2123 2009 2201; x_wconf 90' lang='lat' dir='ltr'><strong>iu·</strong></span> 
     </span>
     <span class='ocr_line' id='line_1_13' title="bbox 634 2239 2011 2355; baseline -0.004 -30"><span class='ocrx_word' id='word_1_93' title='bbox 634 2243 743 2354; x_wconf 84' lang='lat' dir='ltr'><strong>jicit,</strong></span> <span class='ocrx_word' id='word_1_94' title='bbox 760 2244 911 2355; x_wconf 91' lang='lat' dir='ltr'><strong>quibus</strong></span> <span class='ocrx_word' id='word_1_95' title='bbox 928 2270 1044 2327; x_wconf 90' lang='lat' dir='ltr'><strong>meus</strong></span> <span class='ocrx_word' id='word_1_96' title='bbox 1059 2244 1264 2352; x_wconf 87' lang='lat' dir='ltr'><strong>suiipsius</strong></span> <span class='ocrx_word' id='word_1_97' title='bbox 1284 2270 1469 2352; x_wconf 86' lang='lat' dir='ltr'><strong>percussa</strong></span> <span class='ocrx_word' id='word_1_98' title='bbox 1489 2261 1558 2325; x_wconf 89' lang='lat' dir='ltr'><strong>est</strong></span> <span class='ocrx_word' id='word_1_99' title='bbox 1579 2243 1695 2325; x_wconf 88' lang='lat' dir='ltr'><strong>Idem</strong></span> <span class='ocrx_word' id='word_1_100' title='bbox 1711 2260 1773 2327; x_wconf 86' lang='lat' dir='ltr'><strong>est</strong></span> <span class='ocrx_word' id='word_1_101' title='bbox 1792 2239 2011 2323; x_wconf 86' lang='lat' dir='ltr'><strong>dicendum</strong></span> 
     </span>
     <span class='ocr_line' id='line_1_14' title="bbox 636 2364 2031 2483; baseline 0.001 -36"><span class='ocrx_word' id='word_1_102' title='bbox 636 2366 689 2447; x_wconf 88' lang='lat' dir='ltr'><strong>de</strong></span> <span class='ocrx_word' id='word_1_103' title='bbox 706 2384 858 2469; x_wconf 89' lang='lat' dir='ltr'><strong>actore,</strong></span> <span class='ocrx_word' id='word_1_104' title='bbox 876 2364 989 2475; x_wconf 83' lang='lat' dir='ltr'><strong>cujus</strong></span> <span class='ocrx_word' id='word_1_105' title='bbox 1007 2368 1224 2476; x_wconf 84' lang='lat' dir='ltr'><strong>imperium</strong></span> <span class='ocrx_word' id='word_1_106' title='bbox 1242 2367 1287 2446; x_wconf 91' lang='lat' dir='ltr'><strong>iu</strong></span> <span class='ocrx_word' id='word_1_107' title='bbox 1306 2366 1463 2447; x_wconf 87' lang='lat' dir='ltr'><strong>animos</strong></span> <span class='ocrx_word' id='word_1_108' title='bbox 1483 2386 1544 2445; x_wconf 77' lang='lat' dir='ltr'><strong>eo·</strong></span> <span class='ocrx_word' id='word_1_109' title='bbox 1557 2365 1688 2483; x_wconf 81' lang='lat' dir='ltr'><strong>majus</strong></span> <span class='ocrx_word' id='word_1_110' title='bbox 1701 2365 1799 2467; x_wconf 92' lang='lat' dir='ltr'><strong>erit,</strong></span> <span class='ocrx_word' id='word_1_111' title='bbox 1816 2390 1902 2474; x_wconf 86' lang='lat' dir='ltr'><strong>quo</strong></span> <span class='ocrx_word' id='word_1_112' title='bbox 1922 2388 2031 2470; x_wconf 75' lang='lat' dir='ltr'><strong>pru.</strong></span> 
     </span>
     <span class='ocr_line' id='line_1_15' title="bbox 635 2485 2004 2605; baseline -0.004 -38"><span class='ocrx_word' id='word_1_113' title='bbox 635 2489 881 2595; x_wconf 62' lang='lat' dir='ltr'><strong>piores‘suut</strong></span> <span class='ocrx_word' id='word_1_114' title='bbox 899 2514 998 2568; x_wconf 82' lang='lat' dir='ltr'><strong>vero</strong></span> <span class='ocrx_word' id='word_1_115' title='bbox 1017 2489 1194 2571; x_wconf 81' lang='lat' dir='ltr'><strong>actiones</strong></span> <span class='ocrx_word' id='word_1_116' title='bbox 1212 2486 1315 2601; x_wconf 87' lang='lat' dir='ltr'><strong>ejus,</strong></span> <span class='ocrx_word' id='word_1_117' title='bbox 1333 2504 1375 2575; x_wconf 90' lang='lat' dir='ltr'><strong>et</strong></span> <span class='ocrx_word' id='word_1_118' title='bbox 1394 2513 1481 2605; x_wconf 87' lang='lat' dir='ltr'><strong>quo</strong></span> <span class='ocrx_word' id='word_1_119' title='bbox 1500 2487 1642 2571; x_wconf 84' lang='lat' dir='ltr'><strong>scitius</strong></span> <span class='ocrx_word' id='word_1_120' title='bbox 1658 2502 1792 2594; x_wconf 86' lang='lat' dir='ltr'><strong>partes</strong></span> <span class='ocrx_word' id='word_1_121' title='bbox 1809 2485 2004 2591; x_wconf 81' lang='lat' dir='ltr'><strong>suasagit</strong></span> 
     </span>
    </p>
   </div>
   <div class='ocr_carea' id='block_1_4' title="bbox 638 2672 2108 3387">
    <p class='ocr_par' dir='ltr' id='par_1_4' title="bbox 638 2672 2108 3387">
     <span class='ocr_line' id='line_1_16' title="bbox 689 2672 2007 2781; baseline 0.002 -28"><span class='ocrx_word' id='word_1_122' title='bbox 689 2674 924 2755; x_wconf 79' lang='lat' dir='ltr'><strong>attentione</strong></span> <span class='ocrx_word' id='word_1_123' title='bbox 944 2674 1067 2781; x_wconf 83' lang='lat' dir='ltr'><strong>digna</strong></span> <span class='ocrx_word' id='word_1_124' title='bbox 1084 2672 1217 2758; x_wconf 84' lang='lat' dir='ltr'><strong>adhuc</strong></span> <span class='ocrx_word' id='word_1_125' title='bbox 1236 2676 1349 2755; x_wconf 84' lang='lat' dir='ltr'><strong>venit</strong></span> <span class='ocrx_word' id='word_1_126' title='bbox 1370 2673 1595 2778; x_wconf 81' lang='lat' dir='ltr'><strong>sympathia</strong></span> <span class='ocrx_word' id='word_1_127' title='bbox 1613 2688 1657 2748; x_wconf 91' lang='lat' dir='ltr'><strong>et</strong></span> <span class='ocrx_word' id='word_1_128' title='bbox 1673 2672 1894 2777; x_wconf 86' lang='lat' dir='ltr'><strong>antipathia</strong></span> <span class='ocrx_word' id='word_1_129' title='bbox 1914 2673 2007 2777; x_wconf 86' lang='lat' dir='ltr'><strong>iila,</strong></span> 
     </span>
     <span class='ocr_line' id='line_1_17' title="bbox 638 2788 2010 2906; baseline 0.002 -35"><span class='ocrx_word' id='word_1_130' title='bbox 638 2794 789 2906; x_wconf 87' lang='lat' dir='ltr'><strong>quibus</strong></span> <span class='ocrx_word' id='word_1_131' title='bbox 811 2794 998 2869; x_wconf 85' lang='lat' dir='ltr'><strong>homines</strong></span> <span class='ocrx_word' id='word_1_132' title='bbox 1022 2797 1156 2893; x_wconf 87' lang='lat' dir='ltr'><strong>primo</strong></span> <span class='ocrx_word' id='word_1_133' title='bbox 1184 2788 1361 2891; x_wconf 89' lang='lat' dir='ltr'><strong>intuitu,</strong></span> <span class='ocrx_word' id='word_1_134' title='bbox 1381 2806 1426 2869; x_wconf 90' lang='lat' dir='ltr'><strong>et</strong></span> <span class='ocrx_word' id='word_1_135' title='bbox 1446 2792 1532 2900; x_wconf 88' lang='lat' dir='ltr'><strong>ipsa</strong></span> <span class='ocrx_word' id='word_1_136' title='bbox 1552 2790 1753 2894; x_wconf 85' lang='lat' dir='ltr'><strong>animalia,</strong></span> <span class='ocrx_word' id='word_1_137' title='bbox 1772 2792 1888 2875; x_wconf 88' lang='lat' dir='ltr'><strong>uuiio</strong></span> <span class='ocrx_word' id='word_1_138' title='bbox 1915 2810 2010 2874; x_wconf 88' lang='lat' dir='ltr'><strong>ante</strong></span> 
     </span>
     <span class='ocr_line' id='line_1_18' title="bbox 638 2908 2010 3020; baseline 0.001 -25"><span class='ocrx_word' id='word_1_139' title='bbox 638 2918 806 2995; x_wconf 88' lang='lat' dir='ltr'><strong>interae</strong></span> <span class='ocrx_word' id='word_1_140' title='bbox 828 2932 1045 3018; x_wconf 80' lang='lat' dir='ltr'><strong>praegresso</strong></span> <span class='ocrx_word' id='word_1_141' title='bbox 1068 2909 1335 3013; x_wconf 88' lang='lat' dir='ltr'><strong>commercio,</strong></span> <span class='ocrx_word' id='word_1_142' title='bbox 1362 2908 1515 3019; x_wconf 86' lang='lat' dir='ltr'><strong>absque</strong></span> <span class='ocrx_word' id='word_1_143' title='bbox 1534 2909 1689 3020; x_wconf 82' lang='lat' dir='ltr'><strong>judicio</strong></span> <span class='ocrx_word' id='word_1_144' title='bbox 1716 2928 1757 2993; x_wconf 89' lang='lat' dir='ltr'><strong>et</strong></span> <span class='ocrx_word' id='word_1_145' title='bbox 1784 2914 1872 2995; x_wconf 91' lang='lat' dir='ltr'><strong>siue</strong></span> <span class='ocrx_word' id='word_1_146' title='bbox 1897 2942 2010 2997; x_wconf 87' lang='lat' dir='ltr'><strong>causa</strong></span> 
     </span>
     <span class='ocr_line' id='line_1_19' title="bbox 641 3026 2108 3141; baseline -0.001 -26"><span class='ocrx_word' id='word_1_147' title='bbox 641 3034 802 3141; x_wconf 81' lang='lat' dir='ltr'><strong>cognita</strong></span> <span class='ocrx_word' id='word_1_148' title='bbox 819 3058 862 3112; x_wconf 88' lang='lat' dir='ltr'><strong>se</strong></span> <span class='ocrx_word' id='word_1_149' title='bbox 879 3030 1053 3111; x_wconf 84' lang='lat' dir='ltr'><strong>invicem</strong></span> <span class='ocrx_word' id='word_1_150' title='bbox 1070 3044 1207 3107; x_wconf 87' lang='lat' dir='ltr'><strong>amant</strong></span> <span class='ocrx_word' id='word_1_151' title='bbox 1223 3029 1289 3108; x_wconf 81' lang='lat' dir='ltr'><strong>vel</strong></span> <span class='ocrx_word' id='word_1_152' title='bbox 1306 3029 1463 3111; x_wconf 91' lang='lat' dir='ltr'><strong>odiunt.</strong></span> <span class='ocrx_word' id='word_1_153' title='bbox 1482 3032 1705 3132; x_wconf 86' lang='lat' dir='ltr'><strong>Quomodo</strong></span> <span class='ocrx_word' id='word_1_154' title='bbox 1716 3034 1794 3113; x_wconf 90' lang='lat' dir='ltr'><strong>hoc</strong></span> <span class='ocrx_word' id='word_1_155' title='bbox 1812 3034 2010 3141; x_wconf 79' lang='lat' dir='ltr'><strong>fiatigno·</strong></span> <span class='ocrx_word' id='word_1_156' title='bbox 2100 3026 2108 3035; x_wconf 72' lang='grc'><strong><em>’</em></strong></span> 
     </span>
     <span class='ocr_line' id='line_1_20' title="bbox 640 3149 2012 3265; baseline 0.001 -30"><span class='ocrx_word' id='word_1_157' title='bbox 640 3169 771 3252; x_wconf 88' lang='lat' dir='ltr'><strong>ratur,</strong></span> <span class='ocrx_word' id='word_1_158' title='bbox 799 3154 903 3233; x_wconf 90' lang='lat' dir='ltr'><strong>sicut</strong></span> <span class='ocrx_word' id='word_1_159' title='bbox 930 3176 1005 3231; x_wconf 89' lang='lat' dir='ltr'><strong>nos</strong></span> <span class='ocrx_word' id='word_1_160' title='bbox 1033 3149 1152 3251; x_wconf 87' lang='lat' dir='ltr'><strong>latet,</strong></span> <span class='ocrx_word' id='word_1_161' title='bbox 1172 3175 1301 3259; x_wconf 91' lang='lat' dir='ltr'><strong>quare</strong></span> <span class='ocrx_word' id='word_1_162' title='bbox 1324 3150 1467 3256; x_wconf 90' lang='lat' dir='ltr'><strong>homo,</strong></span> <span class='ocrx_word' id='word_1_163' title='bbox 1489 3150 1600 3233; x_wconf 90' lang='lat' dir='ltr'><strong>hunc</strong></span> <span class='ocrx_word' id='word_1_164' title='bbox 1628 3152 1785 3260; x_wconf 89' lang='lat' dir='ltr'><strong>cibum,</strong></span> <span class='ocrx_word' id='word_1_165' title='bbox 1812 3156 2012 3265; x_wconf 89' lang='lat' dir='ltr'><strong>colorem,</strong></span> 
     </span>
     <span class='ocr_line' id='line_1_21' title="bbox 640 3269 1634 3387; baseline -0.008 -28"><span class='ocrx_word' id='word_1_166' title='bbox 640 3300 790 3359; x_wconf 87' lang='lat' dir='ltr'><strong>sonum</strong></span> <span class='ocrx_word' id='word_1_167' title='bbox 815 3286 1013 3387; x_wconf 77' lang='lat' dir='ltr'><strong>praeoptat</strong></span> <span class='ocrx_word' id='word_1_168' title='bbox 1033 3286 1103 3353; x_wconf 88' lang='lat' dir='ltr'><strong>aut</strong></span> <span class='ocrx_word' id='word_1_169' title='bbox 1125 3269 1328 3354; x_wconf 85' lang='lat' dir='ltr'><strong>abhorret.</strong></span> <span class='ocrx_word' id='word_1_170' title='bbox 1613 3270 1634 3324; x_wconf 75' lang='lat'><strong>⁴</strong></span> 
     </span>
    </p>
   </div>
   <div class='ocr_carea' id='block_1_5' title="bbox 643 3468 2018 4428">
    <p class='ocr_par' dir='ltr' id='par_1_5' title="bbox 643 3468 2018 4428">
     <span class='ocr_line' id='line_1_22' title="bbox 695 3468 2012 3586; baseline 0.003 -36"><span class='ocrx_word' id='word_1_171' title='bbox 695 3468 884 3578; x_wconf 88' lang='lat' dir='ltr'><strong>Denique</strong></span> <span class='ocrx_word' id='word_1_172' title='bbox 914 3492 1055 3551; x_wconf 89' lang='lat' dir='ltr'><strong>omues</strong></span> <span class='ocrx_word' id='word_1_173' title='bbox 1083 3494 1148 3549; x_wconf 86' lang='lat' dir='ltr'><strong>res</strong></span> <span class='ocrx_word' id='word_1_174' title='bbox 1173 3484 1369 3575; x_wconf 77' lang='lat' dir='ltr'><strong>externae,</strong></span> <span class='ocrx_word' id='word_1_175' title='bbox 1394 3471 1687 3586; x_wconf 84' lang='lat' dir='ltr'><strong>qualiscunque</strong></span> <span class='ocrx_word' id='word_1_176' title='bbox 1708 3477 1761 3557; x_wconf 90' lang='lat' dir='ltr'><strong>sit</strong></span> <span class='ocrx_word' id='word_1_177' title='bbox 1786 3500 1926 3557; x_wconf 86' lang='lat' dir='ltr'><strong>earum</strong></span> <span class='ocrx_word' id='word_1_178' title='bbox 1942 3501 2012 3554; x_wconf 86' lang='lat' dir='ltr'><strong>na·</strong></span> 
     </span>
     <span class='ocr_line' id='line_1_23' title="bbox 644 3588 2012 3703; baseline 0.006 -36"><span class='ocrx_word' id='word_1_179' title='bbox 644 3607 752 3691; x_wconf 87' lang='lat' dir='ltr'><strong>tura,</strong></span> <span class='ocrx_word' id='word_1_180' title='bbox 773 3615 895 3669; x_wconf 88' lang='lat' dir='ltr'><strong>omne</strong></span> <span class='ocrx_word' id='word_1_181' title='bbox 913 3588 1107 3693; x_wconf 81' lang='lat' dir='ltr'><strong>verbum,</strong></span> <span class='ocrx_word' id='word_1_182' title='bbox 1129 3593 1262 3673; x_wconf 87' lang='lat' dir='ltr'><strong>omnis</strong></span> <span class='ocrx_word' id='word_1_183' title='bbox 1278 3591 1387 3697; x_wconf 85' lang='lat' dir='ltr'><strong>idea,</strong></span> <span class='ocrx_word' id='word_1_184' title='bbox 1410 3594 1616 3703; x_wconf 86' lang='lat' dir='ltr'><strong>objectum</strong></span> <span class='ocrx_word' id='word_1_185' title='bbox 1639 3598 1764 3677; x_wconf 88' lang='lat' dir='ltr'><strong>animi</strong></span> <span class='ocrx_word' id='word_1_186' title='bbox 1785 3596 2012 3681; x_wconf 78' lang='lat' dir='ltr'><strong>adfectuum</strong></span> 
     </span>
     <span class='ocr_line' id='line_1_24' title="bbox 643 3706 2011 3818; baseline 0.003 -29"><span class='ocrx_word' id='word_1_187' title='bbox 643 3706 814 3789; x_wconf 86' lang='lat' dir='ltr'><strong>evadere</strong></span> <span class='ocrx_word' id='word_1_188' title='bbox 834 3730 1025 3818; x_wconf 79' lang='lat' dir='ltr'><strong>possum,</strong></span> <span class='ocrx_word' id='word_1_189' title='bbox 1039 3712 1265 3796; x_wconf 88' lang='lat' dir='ltr'><strong>dummodo</strong></span> <span class='ocrx_word' id='word_1_190' title='bbox 1275 3719 1407 3799; x_wconf 89' lang='lat' dir='ltr'><strong>anima</strong></span> <span class='ocrx_word' id='word_1_191' title='bbox 1416 3738 1512 3799; x_wconf 90' lang='lat' dir='ltr'><strong>cum</strong></span> <span class='ocrx_word' id='word_1_192' title='bbox 1528 3718 1608 3799; x_wconf 83' lang='lat' dir='ltr'><strong>iilis</strong></span> <span class='ocrx_word' id='word_1_193' title='bbox 1623 3718 1667 3799; x_wconf 89' lang='lat' dir='ltr'><strong>iu</strong></span> <span class='ocrx_word' id='word_1_194' title='bbox 1678 3719 1916 3799; x_wconf 87' lang='lat' dir='ltr'><strong>relationem</strong></span> <span class='ocrx_word' id='word_1_195' title='bbox 1928 3732 2011 3818; x_wconf 75' lang='lat' dir='ltr'><strong>tra-</strong></span> 
     </span>
     <span class='ocr_line' id='line_1_25' title="bbox 646 3830 2015 3948; baseline 0.004 -39"><span class='ocrx_word' id='word_1_196' title='bbox 646 3830 779 3934; x_wconf 90' lang='lat' dir='ltr'><strong>hitur,</strong></span> <span class='ocrx_word' id='word_1_197' title='bbox 801 3834 979 3939; x_wconf 90' lang='lat' dir='ltr'><strong>pretium</strong></span> <span class='ocrx_word' id='word_1_198' title='bbox 1000 3831 1169 3943; x_wconf 90' lang='lat' dir='ltr'><strong>aliquod</strong></span> <span class='ocrx_word' id='word_1_199' title='bbox 1192 3834 1304 3917; x_wconf 91' lang='lat' dir='ltr'><strong>iniis</strong></span> <span class='ocrx_word' id='word_1_200' title='bbox 1322 3839 1502 3948; x_wconf 74' lang='lat' dir='ltr'><strong>inspicit,</strong></span> <span class='ocrx_word' id='word_1_201' title='bbox 1524 3858 1566 3920; x_wconf 88' lang='lat' dir='ltr'><strong>et</strong></span> <span class='ocrx_word' id='word_1_202' title='bbox 1584 3866 1739 3919; x_wconf 88' lang='lat' dir='ltr'><strong>causam</strong></span> <span class='ocrx_word' id='word_1_203' title='bbox 1756 3852 1945 3916; x_wconf 90' lang='lat' dir='ltr'><strong>motuum</strong></span> <span class='ocrx_word' id='word_1_204' title='bbox 1966 3836 2015 3915; x_wconf 90' lang='lat' dir='ltr'><strong>si·</strong></span> 
     </span>
     <span class='ocr_line' id='line_1_26' title="bbox 645 3952 2013 4069; baseline 0.004 -36"><span class='ocrx_word' id='word_1_205' title='bbox 645 3952 733 4033; x_wconf 86' lang='lat' dir='ltr'><strong>mul</strong></span> <span class='ocrx_word' id='word_1_206' title='bbox 750 3953 927 4051; x_wconf 78' lang='lat' dir='ltr'><strong>iuvenit3</strong></span> <span class='ocrx_word' id='word_1_207' title='bbox 954 3968 997 4033; x_wconf 92' lang='lat' dir='ltr'><strong>at</strong></span> <span class='ocrx_word' id='word_1_208' title='bbox 1027 3978 1170 4035; x_wconf 90' lang='lat' dir='ltr'><strong>omnes</strong></span> <span class='ocrx_word' id='word_1_209' title='bbox 1183 3954 1387 4062; x_wconf 88' lang='lat' dir='ltr'><strong>homiues,</strong></span> <span class='ocrx_word' id='word_1_210' title='bbox 1416 3959 1547 4069; x_wconf 77' lang='lat' dir='ltr'><strong>qualis</strong></span> <span class='ocrx_word' id='word_1_211' title='bbox 1571 3961 1624 4039; x_wconf 89' lang='lat' dir='ltr'><strong>sit</strong></span> <span class='ocrx_word' id='word_1_212' title='bbox 1645 3955 1826 4038; x_wconf 84' lang='lat' dir='ltr'><strong>conditio</strong></span> <span class='ocrx_word' id='word_1_213' title='bbox 1844 3984 2013 4061; x_wconf 90' lang='lat' dir='ltr'><strong>eorum,</strong></span> 
     </span>
     <span class='ocr_line' id='line_1_27' title="bbox 646 4076 2015 4185; baseline -0.001 -28"><span class='ocrx_word' id='word_1_214' title='bbox 646 4077 879 4183; x_wconf 87' lang='lat' dir='ltr'><strong>occupatio,</strong></span> <span class='ocrx_word' id='word_1_215' title='bbox 903 4076 995 4155; x_wconf 78' lang='lat' dir='ltr'><strong>vita</strong></span> <span class='ocrx_word' id='word_1_216' title='bbox 1025 4102 1175 4182; x_wconf 83' lang='lat' dir='ltr'><strong>genus,</strong></span> <span class='ocrx_word' id='word_1_217' title='bbox 1201 4076 1430 4159; x_wconf 82' lang='lat' dir='ltr'><strong>functiones</strong></span> <span class='ocrx_word' id='word_1_218' title='bbox 1454 4081 1499 4155; x_wconf 92' lang='lat' dir='ltr'><strong>in</strong></span> <span class='ocrx_word' id='word_1_219' title='bbox 1527 4082 1734 4178; x_wconf 69' lang='lat' dir='ltr'><strong>moeste,</strong></span> <span class='ocrx_word' id='word_1_220' title='bbox 1763 4102 1900 4156; x_wconf 85' lang='lat' dir='ltr'><strong>causas</strong></span> <span class='ocrx_word' id='word_1_221' title='bbox 1924 4103 2015 4185; x_wconf 84' lang='lat' dir='ltr'><strong>pas-</strong></span> 
     </span>
     <span class='ocr_line' id='line_1_28' title="bbox 647 4197 2018 4310; baseline 0.003 -35"><span class='ocrx_word' id='word_1_222' title='bbox 647 4199 811 4280; x_wconf 90' lang='lat' dir='ltr'><strong>sionum</strong></span> <span class='ocrx_word' id='word_1_223' title='bbox 836 4197 1053 4304; x_wconf 90' lang='lat' dir='ltr'><strong>reperiunt</strong></span> <span class='ocrx_word' id='word_1_224' title='bbox 1083 4200 1297 4281; x_wconf 80' lang='lat' dir='ltr'><strong>Caeteruru¹</strong></span> <span class='ocrx_word' id='word_1_225' title='bbox 1318 4201 1433 4281; x_wconf 90' lang='lat' dir='ltr'><strong>omni</strong></span> <span class='ocrx_word' id='word_1_226' title='bbox 1453 4201 1498 4279; x_wconf 89' lang='lat' dir='ltr'><strong>in</strong></span> <span class='ocrx_word' id='word_1_227' title='bbox 1522 4200 1614 4279; x_wconf 77' lang='lat' dir='ltr'><strong>ritu</strong></span> <span class='ocrx_word' id='word_1_228' title='bbox 1632 4216 1835 4308; x_wconf 92' lang='lat' dir='ltr'><strong>tempore,</strong></span> <span class='ocrx_word' id='word_1_229' title='bbox 1860 4200 2018 4310; x_wconf 77' lang='lat' dir='ltr'><strong>ubique</strong></span> 
     </span>
     <span class='ocr_line' id='line_1_29' title="bbox 647 4314 2013 4428; baseline 0.004 -37"><span class='ocrx_word' id='word_1_230' title='bbox 647 4314 857 4420; x_wconf 89' lang='lat' dir='ltr'><strong>locorum,</strong></span> <span class='ocrx_word' id='word_1_231' title='bbox 868 4318 979 4399; x_wconf 92' lang='lat' dir='ltr'><strong>domi</strong></span> <span class='ocrx_word' id='word_1_232' title='bbox 999 4318 1065 4397; x_wconf 80' lang='lat' dir='ltr'><strong>rel</strong></span> <span class='ocrx_word' id='word_1_233' title='bbox 1083 4320 1201 4424; x_wconf 84' lang='lat' dir='ltr'><strong>foras,</strong></span> <span class='ocrx_word' id='word_1_234' title='bbox 1216 4322 1341 4401; x_wconf 81' lang='lat' dir='ltr'><strong>ammi</strong></span> <span class='ocrx_word' id='word_1_235' title='bbox 1353 4322 1655 4428; x_wconf 89' lang='lat' dir='ltr'><strong>pathematibus</strong></span> <span class='ocrx_word' id='word_1_236' title='bbox 1671 4321 1841 4402; x_wconf 80' lang='lat' dir='ltr'><strong>obnoxii</strong></span> <span class='ocrx_word' id='word_1_237' title='bbox 1865 4346 2013 4405; x_wconf 72' lang='lat' dir='ltr'><strong>sums.</strong></span> 
     </span>
    </p>
   </div>
   <div class='ocr_carea' id='block_1_6' title="bbox 701 4502 2020 4639">
    <p class='ocr_par' dir='ltr' id='par_1_6' title="bbox 701 4502 2020 4639">
     <span class='ocr_line' id='line_1_30' title="bbox 701 4502 2020 4639; baseline 0.005 -53"><span class='ocrx_word' id='word_1_238' title='bbox 701 4502 893 4591; x_wconf 78' lang='lat' dir='ltr'><strong>Preterea</strong></span> <span class='ocrx_word' id='word_1_239' title='bbox 919 4511 975 4594; x_wconf 88' lang='lat' dir='ltr'><strong>ita</strong></span> <span class='ocrx_word' id='word_1_240' title='bbox 995 4506 1195 4621; x_wconf 69' lang='lat' dir='ltr'><strong>disposita</strong></span> <span class='ocrx_word' id='word_1_241' title='bbox 1222 4527 1319 4594; x_wconf 88' lang='lat' dir='ltr'><strong>suut</strong></span> <span class='ocrx_word' id='word_1_242' title='bbox 1343 4538 1409 4597; x_wconf 86' lang='lat' dir='ltr'><strong>res</strong></span> <span class='ocrx_word' id='word_1_243' title='bbox 1425 4511 1534 4621; x_wconf 86' lang='lat' dir='ltr'><strong>apud</strong></span> <span class='ocrx_word' id='word_1_244' title='bbox 1552 4540 1646 4621; x_wconf 90' lang='lat' dir='ltr'><strong>uos,</strong></span> <span class='ocrx_word' id='word_1_245' title='bbox 1666 4528 1714 4594; x_wconf 89' lang='lat' dir='ltr'><strong>ut</strong></span> <span class='ocrx_word' id='word_1_246' title='bbox 1730 4514 1923 4625; x_wconf 87' lang='lat' dir='ltr'><strong>quisque,</strong></span> <span class='ocrx_word' id='word_1_247' title='bbox 1939 4539 2020 4639; x_wconf 29' lang='lat' dir='ltr'><strong>pro·</strong></span> 
     </span>
    </p>
   </div>
   <div class='ocr_carea' id='block_1_7' title="bbox 0 0 2294 5860">
    <p class='ocr_par' dir='ltr' id='par_1_7' title="bbox 0 0 2294 5860">
     <span class='ocr_line' id='line_1_31' title="bbox 0 0 2294 5860; baseline 0 0"><span class='ocrx_word' id='word_1_248' title='bbox 0 0 2294 5860; x_wconf 95' lang='lat' dir='ltr'><strong> </strong></span> 
     </span>
    </p>
   </div>
  </div>
 </body>
</html>
