4517 5867
718 594 1052 719 mssdnmno
1076 646 1287 716 nentes.
1640 646 1689 729 tf

320 849 367 913 ut
382 832 437 913 ita
457 828 597 908 dicam.
619 822 773 907 Odium
791 852 885 906 cum
905 852 989 907 non
1010 828 1209 937 placatur,
1226 828 1385 907 tristitia
1402 850 1487 906 non
1507 823 1685 919 levatur,

319 980 394 1033 nec
411 952 567 1033 tollitur
587 966 740 1053 metus,
758 966 848 1029 tum
872 950 1028 1028 actione
1050 944 1195 1031 eorum
1212 965 1412 1060 protracta
1432 948 1537 1029 mala
1554 947 1688 1027 oriun-

318 1092 390 1173 tur.
407 1076 544 1185 gravia
575 1090 615 1155 et
635 1071 810 1155 subinde
837 1070 1082 1153 incurabilia.

368 1266 535 1347 Infausti
562 1282 658 1345 sunt
688 1266 810 1344 etimn
841 1260 1005 1343 effectus
1035 1288 1204 1363 eorum,
1231 1263 1265 1341 si
1294 1260 1429 1343 debile
1459 1264 1513 1343 sit
1539 1262 1690 1369 subjeo

318 1404 407 1469 tum
434 1388 498 1470 vel
527 1386 628 1467 dnm
656 1384 866 1500 allectione
889 1384 973 1492 jam
996 1381 1155 1462 laborat
1175 1382 1452 1490 pathologica3
1481 1408 1578 1463 uam
1601 1400 1690 1461 tur·

317 1504 405 1609 bas,
427 1532 518 1615 qua
538 1506 619 1613 jam
650 1530 699 1585 ex
722 1503 1007 1584 imminutione
1028 1522 1069 1585 ct
1092 1504 1304 1613 irregulari
1330 1505 1481 1586 virium
1508 1503 1692 1588 vitalium

316 1629 536 1741 partitione
564 1654 638 1707 nec
666 1652 752 1710 non
781 1625 1036 1708 functionum
1065 1626 1277 1744 anomaliis
1307 1643 1546 1732 oetaeum,
1581 1653 1692 1707 nunc

314 1751 580 1837 concussione
603 1751 728 1829 totius
751 1748 883 1829 vitalis
902 1776 1136 1859 processus,
1157 1750 1364 1833 occasione
1390 1750 1514 1831 animi
1535 1764 1692 1845 motus,

317 1866 578 1972 singulariter
608 1870 852 1967 exaspererl7
873 1873 966 1973 quis
994 1871 1190 1950 miratur?

373 2066 584 2146 Transitns
615 2064 811 2173 passionis
836 2065 1065 2147 institeram
1084 2068 1312 2177 oppositam
1333 2068 1568 2151 subitaneus
1597 2070 1695 2150 sani-

316 2190 391 2269 tuti
409 2190 581 2268 maxime
602 2188 770 2269 infestus
790 2190 975 2270 est'Non
993 2191 1081 2270 sine
1098 2208 1231 2289 noxa‚'
1249 2189 1398 2296 gaudio
1419 2190 1501 2299 jam
1522 2190 1690 2299 abrepto

314 2310 475 2393 ¹bomini
497 2310 677 2393 succedit
695 2334 852 2393 summa
869 2300 1032 2394 tristitia
1051 2330 1092 2393 et
1103 2314 1192 2395 vice
1210 2340 1333 2394 versa.
1352 2311 1480 2393 Valde
1493 2330 1588 2394 sunt
1604 2338 1692 2393 me-

315 2434 481 2516 tuendo
506 2436 614 2517 ἱππ
638 2437 908 2517 successiones
946 2434 1121 2545 rapidae,
1155 2437 1253 2517 iste·
1274 2437 1557 2517 concussiones
1597 2421 1701 2515 cum*

324 2558 486 2637 meone
499 2556 620 2637 fluidi
642 2558 816 2663 electrici
839 2558 1150 2668 comparabilem
1168 2560 1241 2639 has
1257 2558 1425 2639 suilerre
1437 2560 1582 2671 nequit
1600 2585 1692 2637 cor·

261 2722 266 2731 ·
317 2700 417 2779 pus,
443 2696 543 2748 nem
576 2682 668 2747 vius
695 2682 775 2758 vim
803 2697 844 2747 os
869 2698 1004 2747 mortu
1035 2698 1253 2770 enervant,
1282 2682 1534 2762 exhauriunt
1566 2676 1691 2775 Quod

318 2789 484 2893 accidit,
513 2788 616 2869 ¹dnm
643 2788 785 2867 oculus
814 2786 887 2866 diu
910 2789 955 2866 in
984 2788 1163 2868 tenebris
1192 2815 1372 2893 versans,
1401 2792 1538 2871 subito
1565 2790 1690 2874 nitori

320 2911 485 2993 luminis
505 2909 631 2993 vividi
652 2911 891 3017 exponitur,
906 2910 976 2990 hic
996 2937 1163 3023 quoque
1183 2911 1434 3020 producitur.
1455 2913 1575 3024 Spes,
1598 2917 1692 2997 vitm

321 3036 565 3136 tummim,
584 3050 625 3113 et
642 3048 726 3112 tam
739 3032 837 3114 levis
852 3032 1037 3135 affectus,
1057 3035 1101 3115 in
1119 3034 1328 3115 hominem
1344 3037 1513 3136 timore,
1530 3038 1692 3118 tristitia

321 3172 393 3235 aut
422 3154 702 3263 desperatione
727 3154 779 3237 ad
804 3156 932 3237 imum
958 3156 1158 3265 dejectum
1182 3159 1217 3237 si
1245 3176 1356 3266 agat,
1381 3186 1527 3243 nocere
1549 3177 1691 3270 potest

322 3276 438 3359 Idem
461 3276 680 3360 dicendum
705 3294 765 3359 est
788 3278 840 3365 de
859 3279 1116 3389 passionibus
1134 3282 1376 3395 improvisis.

372 3498 470 3581 Non
507 3524 667 3609 semper
698 3528 793 3583 cum
825 3502 970 3587 eodem
1003 3503 1152 3585 damno
1189 3520 1317 3611 agunt
1343 3502 1507 3585 effertus
1538 3504 1693 3597 animi3

320 3621 489 3703 morbos
515 3642 675 3732 ponunt
700 3652 828 3735 sepe,
845 3654 989 3713 rerum
1014 3626 1114 3710 alios
1139 3627 1283 3709 tollere
1309 3655 1476 3741 quoque
1503 3624 1710 3737 possunt,-

322 3755 363 3817 et
393 3744 436 3819 in
463 3746 712 3853 quibusdam
738 3750 895 3835 casibus
924 3750 1054 3832 officia
1069 3750 1343 3858 'prebuerunt
1370 3751 1606 3859 praesmntia.
1629 3748 1695 3827 Ira

324 3860 524 3969 paralyses
555 3872 728 3972 sanavit,
754 3898 875 3953 usum
895 3873 1040 3980 linguae
1059 3864 1494 3965 reddidit‚tttbritidis
1509 3894 1695 3979 paroxys·
1719 3880 1722 3885 ’

217 4083 221 4091 ,
325 4008 415 4071 mos
442 3986 624 4087 sustulit3
654 3988 765 4072 unde
803 4010 998 4095 tanquam
1038 3982 1216 4071 remedie
1236 4012 1413 4098 qnoque
1447 3989 1692 4071 considerari

325 4102 593 4209 possuntne
620 4097 765 4179 effectu
784 4118 829 4183 et
860 4132 938 4185 usu
962 4107 1086 4187 animi
1116 4104 1349 4191 adfectuum
1376 4110 1421 4190 in
1448 4106 1602 4189 morbis
1627 4134 1691 4188 se·

285 4234 288 4241 ’
326 4221 470 4329 quenti
487 4222 534 4304 in
555 4220 725 4305 articulo
745 4219 994 4314 disseremus

424 4608 487 4675 111.
