4517 5867
641 588 687 675 3l
958 592 1176 665 ANDREAE
1200 590 1371 665 contu
1394 590 1677 666 mousson

1182 868 1341 940 carur
1367 883 1466 937 rm.
1553 838 1586 899 ³

710 1082 769 1147 DE
788 1080 983 1171 structu
1004 1080 1159 1149 EORUM
1180 1084 1226 1150 ΙΝ
1247 1083 1365 1152 VITAE
1385 1078 1639 1149 summotus
1660 1080 1939 1153 mucuouus.

689 1308 888 1388 Semnum
901 1308 1077 1388 actiones
1087 1326 1301 1414 augentur,
1312 1309 1612 1401 imminuuntur
1619 1308 1683 1389 vel
1698 1325 2002 1419 pervertuntur,

636 1430 912 1539 perceptiones
944 1457 1027 1508 non
1063 1430 1258 1507 distinctae
1284 1446 1399 1532 sunt,
1424 1433 1584 1537 vigente
1612 1434 1735 1510 animi
1764 1433 1999 1540 pathemate.

638 1552 682 1630 Si
698 1551 822 1627 homo
839 1550 899 1626 ira
920 1549 1035 1628 valde
1053 1566 1283 1629 commotus
1298 1550 1553 1652 vulneretur,
1573 1579 1658 1633 non
1674 1554 1788 1662 prius
1804 1551 1855 1632 de
1874 1553 2002 1662 plagae

640 1671 851 1779 praesentia
875 1668 1216 1751 commonefactus
1237 1689 1313 1777 est,
1329 1700 1459 1784 'quam
1477 1675 1611 1754 animo
1632 1674 1796 1783 placato.
1821 1676 2003 1756 Genera-

636 1794 711 1874 tim
730 1794 855 1903 aperti
869 1794 1083 1874 suntoculi
1101 1810 1143 1873 et
1161 1792 1348 1903 flagrant,
1361 1795 1465 1876 cutis
1476 1797 1699 1877 sensibilior
1712 1811 1774 1868 est
1785 1794 1831 1872 iu
1847 1820 2003 1893 amore3

634 1914 711 1995 sub
761 1916 908 2021 gaudio
945 1914 1070 1995 vividi
1104 1932 1200 1995 sunt
1243 1934 1284 1991 et
1324 1912 1538 2020 splendent
1578 1909 1704 2013 oculi,
1741 1929 1784 1990 et
1818 1911 2006 2021 lacrymis

633 2061 927 2145 nonnunquam
950 2033 1252 2115 obvestiuntur:
1271 2034 1315 2112 in
1332 2050 1445 2113 metu
1468 2033 1624 2112 immoti
1644 2048 1758 2137 sunt,
1775 2034 1919 2141 aperti,
1938 2036 2007 2114 in-

633 2156 783 2265 quieti,
810 2153 971 2232 auditus
999 2171 1059 2233 est
1086 2157 1259 2252 acutior3
1282 2155 1326 2235 in
1348 2154 1445 2235 odio
1463 2155 1680 2234 scintillant
1699 2153 1831 2255 oculi,
1849 2153 2007 2263 pupilla

554 2318 562 2331 ·
634 2274 857 2383 superciliis
880 2274 1108 2381 obtegitur,
1134 2294 1175 2356 et
1197 2304 1335 2356 versus
1360 2276 1566 2384 objectum
1593 2275 1878 2387 quod-odium
1900 2276 2009 2382 parit

635 2396 831 2507 dirigitur.
854 2398 1005 2477 Moeror
1029 2396 1281 2503 'dignoscitur
1306 2398 1424 2477 oculo
1446 2397 1642 2505 collapso,
1667 2398 1833 2495 hebete,
1849 2397 2007 2506 absque

635 2518 871 2625 splendore,
904 2546 1025 2619 cavo,
1059 2518 1209 2597 circulo
1245 2518 1368 2598 livido
1402 2519 1686 2595 circumcincto
1719 2535 1761 2595 et
1795 2517 2006 2624 pendente

631 2636 831 2745 palpebra.
852 2640 933 2739 Qui
955 2639 1015 2717 ira
1035 2636 1449 2737 accendituhocplos
1472 2636 1639 2707 exhibet
1657 2636 1829 2727 rubros,
1846 2635 2002 2711 scintil-

631 2758 780 2853 lantes,
805 2728 1306 2845 in'terduui't‘r‘u'c‘ulen‘tos,
1333 2774 1478 2827 eorum
1502 2767 1639 2829 motus
1665 2750 1815 2835 celeres
1838 2770 1933 2849 suut
1963 2772 2006 2833 et

635 2873 874 2959 sensibilitas
889 2896 1042 2977 magna.

686 3098 820 3177 Morbi
840 3093 989 3209 quibus
1009 3092 1238 3177 afficiuntur
1265 3120 1412 3201 organa
1438 3120 1577 3173 sensus
1604 3109 1698 3204 post
1723 3096 1846 3175 animi
1869 3098 2005 3205 pathe·

635 3236 760 3325 mata,
783 3234 877 3298 sunt
894 3216 1135 3319 amaurosis,
1154 3215 1343 3322 surditas,
1362 3214 1589 3325 deperditio
1609 3215 1892 3297 sensibilitatis.

688 3442 795 3547 Quia
823 3440 946 3520 ‘animi
967 3436 1131 3520 allectus
1149 3466 1199 3519 ex
1223 3437 1406 3520 sensibus
1423 3437 1592 3542 internis
1609 3438 1810 3543 originem
1823 3438 2000 3535 trabunt,

637 3590 721 3642 non
750 3578 810 3643 est
835 3562 1011 3665 mirum,
1037 3560 1127 3642 illos
1151 3588 1291 3642 rursus
1319 3560 1539 3641 iumentis
1575 3560 1877 3671 operationibus
1902 3588 1998 3672 con·

637 3684 740 3762 ciere
758 3684 1089 3793 perturbationes.
1107 3684 1191 3789 Qui
1208 3700 1375 3787 tenetur
1390 3685 1596 3765 emotione
1609 3685 1753 3763 animae
1769 3683 1875 3777 forti,
1888 3680 1997 3757 func·

637 3806 766 3887 tiones
797 3805 952 3887 cerebri
990 3808 1026 3882 ei
1057 3806 1293 3908 turbantur,
1320 3807 1449 3887 nullas
1479 3806 1600 3886 habes
1634 3805 1742 3883 ideas
1770 3799 1998 3907 explicitas,

636 3930 735 4009 ratio
770 3932 807 4007 ei
841 3924 1100 4029 obfuscatur,
1128 3927 1312 4026 voluntas
1329 3928 1528 4009 turbatur
1566 3942 1607 4005 et
1641 3924 1839 4033 judicium
1871 3920 1999 4019 fertur

638 4049 832 4157 impulsui
869 4050 1065 4156 passionis
1096 4048 1332 4153 analogum3
1365 4052 1410 4151 siff
1428 4054 1473 4125 in
1514 4047 1717 4149 objectum
1751 4040 1893 4126 odium
1928 4042 2016 4158 ba-⁸

638 4169 732 4249 beat
759 4171 905 4272 home,
931 4172 974 4249 iu
1001 4169 1079 4250 hoc
1104 4170 1267 4249 nonnisi
1299 4166 1440 4246 odium
1467 4184 1509 4247 et
1537 4162 1832 4273 turpitudinem
1858 4189 1997 4270 appre-

635 4289 800 4391 hendit,
819 4317 954 4371 amore
975 4290 1007 4369 si
1025 4290 1182 4387 ardeat,
1206 4291 1250 4367 in
1269 4288 1427 4395 objecto
1450 4314 1525 4369 suo
1547 4289 1681 4368 omnia
1700 4286 1901 4394 praestanti
1923 4282 1999 4362 sub

633 4410 766 4491 ¹forma
788 4414 825 4491 ei
846 4430 1055 4521 appareut3
1080 4411 1286 4491 desinente
1309 4426 1444 4492 eutem
1471 4410 1678 4518 passione,
1701 4435 1859 4488 errores
1881 4407 1926 4486 in
1944 4403 2000 4482 lu-
