4517 5867
1128 746 1262 818 ,ACTA
1281 749 1332 820 IN
1352 747 1543 821 saltatu.

1329 934 1364 979 v.

1222 1055 1266 1104 rx
1283 1055 1461 1118 aucusrr,
1544 1050 1551 1068 ’

706 1166 896 1242 Candidati
914 1167 959 1242 ad
983 1195 1119 1246 munus
1140 1176 1351 1275 Graphiarii
1372 1183 1525 1253 Senatus
1544 1179 1751 1258 Academici
1767 1183 1874 1258 electi
1896 1199 2029 1284 atque,

657 1295 699 1354 ut
719 1283 804 1379 mosj
816 1297 886 1372 est,
902 1283 948 1358 ad
963 1289 1173 1380 Curatores,
1188 1292 1288 1366 viros
1302 1293 1352 1366 ill.
1368 1296 1471 1370 missi
1489 1308 1589 1370 sunt.

1327 1448 1373 1496 vr.

1214 1567 1260 1615 rrr
1277 1567 1468 1620 ocrosats.

703 1664 835 1730 Reclor
853 1663 902 1732 M·
918 1687 1003 1742 eum
1018 1671 1154 1732 Senatu
1169 1674 1457 1744 communicavit
1471 1671 1869 1764 voluntatemrcgism,
1883 1698 1958 1771 qua
1972 1677 2029 1748 ric

655 1775 901 1871 experientiss.
924 1781 954 1846 J.
979 1779 1027 1848 Μ.
1049 1782 1170 1863 Banu,
1193 1777 1316 1847 adhuc
1335 1783 1434 1859 ‚Proi
1468 1781 1810 1871 extraordinarius,
1835 1786 1874 1856 in
1903 1786 2026 1860 locum

644 1894 935 1979 ,Vauuaurauuru
963 1888 1160 1973 defuncti,
1188 1888 1234 1962 ad
1254 1889 1485 1964 ordinarium
1504 1893 1695 1966 Medicinae
1712 1896 1931 1972 Professoris
1951 1927 2027 1974 mu·

654 2027 726 2074 nus
740 2019 911 2076 vocatur:
930 2029 1008 2101 quo
1028 2006 1163 2082 nuntio
1175 2005 1289 2094 laetus,
1300 2030 1368 2104 pro
1386 2020 1585 2104 protestate
1604 2008 1675 2104 ipsi
1689 2022 1754 2080 art
1768 2012 1871 2078 XXX
1882 2017 2027 2086 Decreti

653 2121 740 2214 Reg.
760 2119 945 2208 concessi,
962 2119 1062 2212 Ordo
1077 2119 1325 2214 Medicorum,
1347 2124 1599 2196 consentiente
1621 2124 1727 2194 omni
1744 2129 1899 2210 Senatu,
1919 2125 2027 2198 colle-

654 2255 739 2328 gam
764 2236 1088 2335 aestimatissimum
1111 2241 1293 2336 Dr'gaitate
1311 2243 1483 2329 ,nonoris
1505 2240 1703 2337 Cdirurpiae
1730 2255 1766 2312 et
1789 2242 1891 2312 Artis
1912 2240 2029 2314 Obste-
2112 2233 2117 2242 ’

655 2350 764 2418 tn'cioe
774 2347 956 2420 salutavit.
1818 2435 1826 2455 1

702 2459 844 2532 Deinde
863 2461 1001 2558 placuit
1024 2466 1192 2553 Senatui,
1214 2481 1255 2538 ut
1278 2491 1360 2566 quae
1380 2467 1481 2538 varia
1503 2466 1782 2564 opportunitate
1800 2467 1932 2538 emissa
1951 2465 2029 2538 fue·
2052 2519 2057 2526 -

653 2571 728 2644 rint
743 2585 878 2644 statuta
896 2574 1119 2662 Academica,
1127 2579 1473 2684 Quinqueviris,ert
1492 2579 1647 2684 siugulis
1660 2579 1865 2654 Ordinibus
1884 2578 2028 2653 desum·

655 2687 717 2776 tis,
730 2687 993 2786 perscribenda
1006 2695 1333 2796 committerentur.

1308 2851 1365 2898 vu.
1402 2870 1411 2882 ν

1214 2973 1258 3021 lx
1275 2971 1468 3022 ocrottttts.

702 3065 950 3140 introductos
966 3069 1205 3145 curatoribus
1224 3073 1261 3143 in
1281 3077 1453 3145 Senatum
1470 3045 1745 3173 Anlplissimnm
1761 3094 1861 3144 novo
1873 3075 2028 3144 flectcre

654 3184 720 3268 Μ.,
736 3182 767 3254 is
781 3185 847 3280 qui
861 3183 982 3258 adbuc
998 3211 1076 3261 eam
1097 3189 1325 3288 provinciam
1343 3188 1681 3288 administraverat,
1702 3191 1736 3257 F.
1752 3194 1950 3270 Srrrrnrr,
1974 3185 2031 3255 vir

654 3294 718 3380 cl.‚
743 3297 868 3371 hablla
892 3325 935 3374 ex
960 3318 1083 3373 merite
1110 3303 1199 3387 logio
1218 3307 1405 3374 oratioue,
1422 3314 1460 3358 tte
1479 3285 1685 3371 abdicavit,
1709 3302 1826 3380 inqua
1848 3321 2031 3370 *necesso-

601 3407 610 3418 '
651 3431 729 3479 rem
758 3427 898 3474 munus
928 3403 1137 3488 transtulit,
1163 3405 1230 3500 qui
1258 3399 1381 3474 verbis
1400 3401 1545 3497 aliquot
1567 3398 1754 3497 auspicato
1774 3423 1944 3490 munere,
1960 3411 2033 3498 jus-

649 3516 849 3614 jurandum
870 3541 914 3588 ex
934 3515 1014 3613 lege
1030 3513 1207 3615 praestitit.
1221 3515 1367 3608 Quibus
1385 3517 1455 3587 rite
1471 3514 1642 3613 peractis,
1663 3515 1702 3584 in
1723 3514 1845 3585 locum
1866 3510 2031 3591 defuncti

653 3633 905 3706 ViccComitis
923 3656 946 3702 a
961 3637 1188 3706 Srortsracn
1203 3633 1457 3738 n’Eutrnours,
1472 3627 1585 3709 beatae
1597 3628 1783 3700 memoriae
1793 3629 1872 3717 viri,
1887 3633 2028 3728 Augus·

654 3747 786 3819 tissimi
816 3748 923 3844 Regis
951 3749 1068 3846 gratia
1100 3745 1277 3820 suffectus
1308 3732 1387 3832 est,
1419 3747 1631 3817 curatorum
1656 3751 1813 3829 Praeses,
1834 3751 2027 3820 Gratianus

653 3860 795 3934 u'Orrrt
815 3887 858 3932 us
881 3866 1054 3934 Cuasrns.
1088 3860 1144 3934 Ad
1174 3885 1314 3933 munus
1344 3884 1496 3958 quoque
1519 3867 1671 3932 Senatus
1698 3857 1906 3955 Graphiarii
1930 3859 2027 3952 (jam

654 3976 818 4073 pridem,
840 3975 919 4048 dx
947 3980 1100 4074 Augusti
1124 3977 1203 4074 lege
1232 3988 1455 4049 statutorum
1479 3975 1645 4071 electus)
1669 3981 1705 4045 F.-
1738 3980 1767 4045 J.
1799 3978 2025 4058 Anacutas,

655 4093 696 4161 V.
721 4095 784 4178 C.,
814 4091 1130 4165 consentientibus
1153 4091 1318 4165 Rectoris
1343 4089 1615 4176 Assessoribus,
1642 4088 1888 4160 cummaxime
1910 4086 2027 4158 nomi-

653 4206 772 4292 natis,
792 4209 952 4304 praestito
964 4208 1195 4304 juramento,
1212 4205 1478 4305 adpellabatur.

703 4320 873 4419 Denique
893 4329 931 4395 Λ.
949 4327 1029 4396 Van
1049 4331 1253 4411 murreus,
1278 4323 1333 4392 vir
1357 4320 1607 4418 experientiss.
1628 4316 1675 4393 ab
1696 4322 1786 4411 Aug.
1803 4319 1901 4410 Rege
1927 4311 2027 4384 Ordi

654 4436 713 4509 nis
725 4437 955 4511 Medicorum
977 4435 1162 4512 Professor
1175 4434 1490 4509 Extraordinarius
1510 4433 1653 4520 dictus,
1671 4435 1710 4503 in
1730 4455 1860 4502 manus
1877 4433 2026 4500 Curato·

653 4575 736 4621 rum
757 4551 919 4626 Praesidis
930 4551 1199 4650 jusjurandum
1218 4549 1426 4651 despondit.

703 4669 790 4758 Quae
814 4669 960 4742 tandem
983 4669 1151 4744 solennia
1161 4673 1396 4769 praemiorum
1411 4663 1562 4766 publica
1585 4659 1837 4736 distributione
1855 4654 2027 4729 termina·

559 4839 562 4852 .
655 4775 800 4866 bantur.
