4517 5867
666 605 709 677 16
1041 599 1232 673 suimus
1256 600 1480 675 mmmm:
1504 605 1660 676 mot'm

660 822 808 902 semim
830 815 1054 924 sensimque
1071 811 1317 893 absorbetur.
1341 813 1681 926 Absorptioneqne
1702 815 1826 917 facta,
1850 821 2037 903 columna

662 941 901 1025 activitatcm
925 965 1039 1018 suam
1058 937 1222 1036 amittit,
1247 936 1311 1016 sin
1332 965 1428 1021 vero
1447 941 1553 1023 nova
1568 942 1767 1049 quantitas
1790 944 1893 1054 gazis
1911 947 2043 1025 intro-

664 1067 863 1163 mittatur,
881 1079 969 1143 tum
987 1089 1075 1144 eam
1093 1077 1311 1169 recuperat.
1467 1057 1475 1064 ’
1867 1087 1870 1094 ·

713 1285 907 1366 Columna
920 1296 1052 1364 autem
1070 1282 1112 1361 in
1130 1281 1282 1364 actione
1292 1298 1519 1392 perseverat
1535 1284 1571 1366 si
1588 1283 1785 1396 liquidum
1798 1285 1907 1395 qdod
1923 1287 2038 1394 paria

662 1409 857 1490 metallica
876 1406 1082 1517 disjungit,
1101 1404 1155 1486 sit
1172 1404 1329 1485 acidum
1345 1405 1534 1487 uitricum
1551 1435 1655 1519 aqua
1671 1425 1930 1489 attenuatum.
1951 1410 2040 1490 Hoc

662 1533 767 1611 idem
789 1531 930 1640 obtigit
948 1530 991 1608 in
1008 1529 1267 1638 pneumaticae
1279 1527 1471 1608 machinae
1481 1558 1624 1629 vacuo,
1641 1548 1711 1612 aut
1728 1534 1771 1612 in
1782 1531 2041 1638 atmosphera

653 1647 775 1738 acidi
790 1652 1009 1736 arbonius
1032 1652 1156 1754 Quod
1181 1645 1226 1732 'siss
1246 1649 1443 1760 liquidum
1467 1641 1522 1731 sit
1548 1669 1795 1762 aqua'pura,
1817 1654 1931 1732 ao'tio'
1951 1641 2041 1731 'tota

660 1773 950 1886 suspendium,¹
971 1775 1120 1886 quippo
1148 1775 1283 1884 posito
1316 1772 1361 1853 in
1385 1769 1612 1855 istiusmodi
1642 1771 1800 1856 casibus
1831 1790 2039 1882 apparatu.

660 1897 821 2004 Quibus
834 1896 1091 1980 consideratis
1108 1897 1277 1977 voitaica
1288 1894 1524 2004 hypothesis
1534 1920 1616 1977 non
1633 1896 1750 2006 piane
1761 1895 2043 2006 respondebat.

657 2025 735 2105 :Vis
746 2026 859 2104 'enim
876 2021 1112 2104 onidationis
1135 2020 1184 2099 iu‘
1202 2017 1636 2105 evolutione‘oolumnae
1656 2019 1924 2100 electricitatis
1946 2035 2042 2099 tem·

536 2149 538 2154 ’
656 2149 883 2256 *punctiones
893 2143 1088 2255 exigebat,
1101 2143 1332 2252 quasDavy
1343 2137 2041 2235 afferreconatusost.hnbitnabetnr

662 2285 796 2350 autem
819 2259 1070 2348 metallorum
1088 2279 1291 2360 contactus
1308 2263 1481 2345 electrici
1504 2263 1714 2372 aequilihuii
1736 2261 1958 2345 fracturam
1980 2264 2040 2343 af·

659 2389 767 2470 ferre
790 2424 802 2488 3
828 2413 984 2498 esi-qua
1002 2385 1187 2467 chemicee
1213 2379 1432 2466 nascuntur
1462 2385 1775 2488 immutationes,
1808 2413 1898 2498 quat
1927 2403 1976 2467 ut
2000 2383 2041 2467 id

663 2511 876 2592 restituant
893 2507 1029 2620 postea
1048 2522 1252 2588 conantur.
1280 2553 1285 2565 ·

664 2791 671 2800 .
716 2717 888 2803 Theoria
906 2743 997 2827 quae
1014 2717 1208 2806 columnae
1223 2715 1402 2812 voltaicae
1414 2717 1527 2826 cupri
1540 2722 1581 2799 et
1595 2716 1697 2800 zinci
1714 2717 1833 2801 discis
1848 2718 2040 2802 confectas

663 2837 1622 2961 conmeantes„ettamffuibuasisfmetaffis
1643 2870 1731 2924 sese
1753 2844 2038 2930 acwmmodat

664 2956 739 3046 His
768 2945 953 3032 omnibus
990 2945 1046 3030 in'
1064 2933 1222 3027 casibus
1252 2935 1438 3030 adentitas
1470 2946 1686 3038 effectuum
1709 2981 1789 3052 uua
1820 2959 2038 3074 eademque

665 3091 779 3160 esset.
793 3073 1079 3152 Verumtamen
1089 3063 1298 3174 omnigena
1309 3066 1468 3147 metulla
1481 3096 1563 3149 non
1576 3097 1688 3181 aeque
1699 3104 1773 3184 pro
1785 3089 2038 3189 genemtions

665 3201 1017 3312 phaenomenorum
1043 3188 1317 3269 electricorum
1345 3187 1580 3273 inserviunt.
1606 3195 1828 3282 Recentiori
1858 3189 2037 3319 tempoie

668 3317 943 3420 celeberrimus
961 3315 1080 3420 Dav'y
1098 3310 1325 3395 columnam
1340 3310 1462 3394 discis
1478 3319 1673 3425 argenteis
1691 3351 1853 3433 conpore
1870 3329 2036 3424 humido

667 3439 900 3549 interposito
913 3432 1241 3542 solummodoque
1251 3436 1444 3544 separatis
1461 3439 1623 3538 utendo,
1641 3442 1824 3527 instituit.
1835 3425 2038 3553 ,Nonnulli

628 3585 629 3590 ‘
667 3592 763 3653 vero
781 3557 962 3656 chemici,
972 3555 1078 3664 iique
1087 3553 1343 3655 celeberrimi,
1355 3557 1559 3642 columnas
1576 3563 1785 3662 electrices
1792 3569 1943 3680 absque
1959 3575 2038 3655 hu.

567 3707 571 3718 ·
668 3686 845 3769 miditato
863 3693 1197 3797 construxerunt:
1217 3677 1452 3783 Cuiusmodi
1468 3678 1731 3792 apparatibus'
1737 3689 1942 3775 immorari
1959 3725 2035 3776 nos

669 3810 809 3898 debera
827 3802 939 3910 'haud
955 3818 1161 3914 putamus,
1182 3825 1275 3880 cum
1291 3798 1343 3880 ad
1358 3798 1523 3884 effectus
1544 3809 1743 3917 energioos
1760 3815 2035 3921 producendos

670 3957 812 4043 parum
829 3943 1024 4041 prestent.
1043 3923 1204 4032 Quippe
1219 3922 1289 4032 qui
1306 3950 1387 4006 uon
1404 3925 1582 4012 adhiberi
1599 3934 1754 4038 possint
1772 3937 1815 4019 in
1831 3939 2034 4051 decompo-

671 4053 879 4136 titionibus
902 4047 1104 4145 chemicis,
1127 4043 1273 4156 quibus
1291 4045 1401 4128 fluidi
1418 4049 1587 4134 electrici
1609 4055 1921 4146 subministratio
1938 4093 2033 4144 oon.

671 4177 783 4258 tinua
800 4173 1017 4256 necessaria
1028 4187 1098 4254 est.
1118 4169 1313 4255 Columna
1323 4187 1456 4253 autem
1467 4174 1571 4258 sicca
1584 4180 1741 4289 energia
1757 4202 1864 4264 caret
1878 4185 2031 4268 defectu

673 4293 856 4382 chemicse
870 4297 1048 4396 actionis;
1062 4322 1160 4388 ,nam
1178 4293 1265 4376 sola
1278 4295 1362 4401 ejus
1380 4296 1559 4382 actium
1570 4301 1622 4387 ab
1639 4304 1885 4413 oppositione
1901 4311 2033 4394 metat„

674 4422 805 4506 iorum
822 4419 986 4512 diversa
1006 4419 1173 4528 energiae
1189 4415 1342 4528 pendet.
2029 4457 2035 4466 ¹
