4517 5867
466 501 710 608 iusrousro
734 529 799 600 su
820 521 1126 619 Qussuoruu
1151 527 1390 602 resumas
1584 561 1632 636 29

268 727 428 814 luminis
455 741 526 807 aut
548 721 711 823 caloris,
728 735 800 803 aut
816 716 936 798 etiam
951 715 1162 824 utriusque
1179 715 1390 798 emissione
1411 746 1498 806 sese
1513 727 1635 808 mani
1675 765 1710 866 χ

268 825 396 934 seirat.
414 849 458 932 Si
474 849 609 958 itaque
627 872 770 955 scapus
788 839 1009 924 metallicus
1023 866 1125 938 uuo,
1143 838 1317 925 alterove
1334 844 1527 928 machinae
1543 849 1637 958 poio

268 975 553 1086 conjungetur,
589 988 630 1052 et
655 967 794 1051 deiude
817 982 1040 1048 extremum
1066 963 1152 1072 ejus
1188 962 1231 1044 in
1256 963 1404 1074 pelvim
1439 974 1637 1052 mercurio

269 1097 450 1206 plenam,
468 1123 561 1176 cum
571 1092 793 1202 alteropolo
812 1089 1189 1187 communicantem,
1206 1087 1486 1198 immergatur,
1503 1118 1638 1201 super·

266 1213 433 1302 ficiebus
451 1220 495 1302 in
511 1233 736 1298 contactum
766 1213 970 1311 adductis,
997 1212 1135 1293 statim
1155 1208 1317 1292 emissio
1331 1209 1377 1292 fit
1393 1214 1551 1296 calorici
1569 1233 1640 1298 aut

267 1343 450 1441 luminis,
478 1369 568 1450 quse
598 1339 744 1422 desiuit
777 1355 823 1418 ut
849 1338 1025 1446 primum
1061 1337 1148 1445 ipse
1177 1333 1323 1446 ¹‘scapus
1358 1337 1546 1419 volumen
1575 1354 1639 1420 sat

260 1493 456 1574 xmagnum
465 1462 663 1562 obtinens,
683 1449 760 1542 sub
778 1460 967 1542 mercurii
985 1459 1194 1570 superficie
1204 1459 1365 1542 omnino
1374 1460 1638 1574 immergitur.
1747 1565 1754 1576 Ι

266 1587 310 1668 Si
319 1601 452 1669 autem
466 1587 656 1667 circuitus
668 1581 1021 1690 duobuscarbonis
1039 1583 1180 1693 ligneis
1198 1582 1357 1682 frustis,
1375 1583 1639 1695 compleatur,

266 1723 365 1788 tunc
387 1707 569 1790 evolutio·
586 1706 744 1790 calor-ici
763 1721 803 1786 et
820 1705 982 1787 luminis
997 1705 1154 1818 mendic
1180 1707 1320 1790 intima
1347 1725 1430 1814 est,
1447 1708 1636 1820 quamdiu

267 1857 406 1912 eorum
425 1827 654 1940 superficies
672 1831 715 1920 in
733 1845 917 1914 contactu
934 1846 1186 1942 permanente

318 2022 516 2106 Etrevera
526 2035 731 2102 contactus
749 2020 815 2100 ille
832 2047 1039 2128 nunquam
1057 2031 1198 2100 estest
1213 2020 1424 2130 perfectus,
1442 2021 1513 2132 qui
1539 2019 1637 2104 eleo

266 2142 436 2222 trisitate
462 2143 614 2224 nullam
637 2141 903 2222 resistentiam
921 2158 1105 2249 opponat.
1124 2141 1234 2223 Licet
1252 2141 1322 2222 ubi
1339 2171 1482 2250 scapus
1500 2145 1638 2220 metal-

267 2261 370 2341 licus
387 2279 429 2341 et
455 2263 677 2342 mercurius
696 2262 923 2358 adhibetur,
951 2279 1156 2341 contactus
1183 2266 1317 2343 statim
1346 2263 1543 2371 perfectus
1571 2260 1640 2342 fiat

269 2398 310 2462 et
336 2409 499 2462 currens
519 2381 723 2462 electricus
741 2409 822 2461 non
839 2381 1164 2490 internunpetur.
1193 2381 1359 2464 Caloris·
1372 2383 1496 2493 igitur
1521 2384 1638 2464 emis-

267 2504 393 2603 sioni,
419 2506 750 2613 qnaecumquesit
767 2533 885 2586 causa
903 2505 1022 2611 hujus
1040 2505 1311 2614 phaeuomenis
1328 2507 1552 2615 primitiva,
1576 2533 1637 2587 re—

268 2625 447 2704 sistentia
474 2625 668 2735 originem
693 2613 857 2736 probet.
886 2628 1025 2730 Quum
1053 2645 1186 2710 autem
1213 2628 1296 2709 haec
1321 2629 1481 2710 emissio
1512 2629 1637 2709 sitin

269 2748 421 2830 ratione
434 2748 593 2866 inversa
602 2747 802 2830 facultatis
820 2748 1104 2849 condustriois,
1123 2749 1195 2830 ubi
1212 2750 1292 2833 duo
1309 2752 1460 2861 qtraems
1473 2749 1538 2834 fila
1552 2777 1635 2830 me-

267 2869 534 2948 uticenses
553 2873 739 2968 sentinus
759 2874 966 2962 coniuncta
983 2872 1030 2953 in
1048 2873 1218 2952 circuitu
1235 2892 1462 2964 ponuntur,
1484 2889 1637 2974 sempe*

270 2982 570 3094 raturaipejoris
589 2975 840 3058 conductoris
867 2974 1032 3052 erectior
1055 2976 1150 3054 erit:
1165 2975 1298 3083 itaque
1316 2978 1511 3084 platinam
1529 2988 1637 3094 quod

271 3139 322 3192 ex
352 3101 536 3188 omuibus
564 3097 733 3180 metallis
759 3093 930 3205 pessime
964 3093 1169 3226 ⁸conducit,
1193 3121 1278 3202 prae
1302 3100 1453 3184 ceteris
1479 3106 1635 3210 calefit,

271 3230 411 3316 deiude
432 3226 583 3310 ferrum
586 3283 642 3304 .....
984 3242 993 3260 ·
1150 3274 1154 3284 ‚

267 3397 271 3404 ’
324 3417 407 3502 Ubi
422 3475 425 3482 ·
438 3413 517 3497 duo
548 3437 713 3525 corpora
737 3391 788 3488 ob
815 3405 972 3488 tertiam
1003 3405 1196 3514 majorem
1222 3405 1455 3492 affinitatem
1482 3408 1651 3502 decom-⁸

273 3556 499 3654 ponuntur,
519 3555 605 3619 tum
615 3531 752 3630 relatio
763 3528 1132 3612 electricochemica
1151 3558 1295 3640 corpus
1314 3533 1522 3646 sejungens
1532 3539 1637 3640 inter

274 3681 313 3746 et
331 3689 474 3770 corpus
493 3657 719 3768 copulatum
736 3652 927 3734 intensior
944 3667 1024 3750 est,
1044 3679 1165 3761 quam
1176 3653 1279 3736 iuter
1289 3656 1397 3738 istud
1414 3651 1580 3769 corpus,
1596 3681 1638 3751 et

273 3783 492 3868 secundum
520 3804 664 3886 corpus
700 3774 956 3884 copulatum:
976 3790 1064 3856 tum
1091 3776 1210 3861 etiam
1237 3779 1340 3890 ignis
1371 3782 1637 3866 manifestatio

274 3939 321 3990 eo
333 3901 460 4014 major
477 3913 559 4007 est,
579 3926 658 4011 quo
675 3899 802 4006 major
819 3891 881 3978 est
897 3896 981 3978 hee
999 3893 1233 3980 differentia.
1248 3901 1485 3984 Exoneratio
1502 3899 1635 3988 autem

275 4033 403 4138 magis
419 4045 480 4108 est
501 4023 695 4134 completa
722 4022 764 4103 in
790 4047 894 4106 nova
920 4017 1231 4121 combinatione,
1268 4037 1308 4103 et
1332 4033 1477 4134 eorpus
1498 4031 1635 4138 praeci..

277 4151 446 4261 pitatum
472 4147 769 4256 dispositionem
798 4140 1187 4226 electrocheruicamx
1201 4144 1482 4249 intensiorem,
1512 4178 1635 4260 quam

280 4287 370 4350 ante
388 4271 672 4378 copulationem
688 4265 880 4369 habebat,
898 4295 921 4346 a
939 4289 1110 4374 corpore
1120 4266 1390 4374 precipitante
1404 4295 1635 4379 recuperare

246 4473 249 4478 .
279 4391 448 4487 ridetur.
470 4391 728 4475 Pheuomeua
740 4389 1084 4502 decompositiouis
1115 4390 1292 4500 partium
1317 4394 1634 4554 componeutlipm
