4517 5867
625 631 673 715 84
1013 626 1171 696 FRANC.
1196 624 1286 695 Jsc.
1310 620 1601 693 SCHOLLAERT

627 862 795 917 suorum
813 828 1019 911 haeredum
1037 832 1161 938 primi
1182 845 1224 908 et
1241 828 1444 908 ulterioris
1465 824 1611 932 gradrm
1627 824 1670 901 in
1688 820 1911 922 infinitum,
1933 844 1999 907 tn·

624 960 741 1036 metsi
760 959 881 1035 etiam
900 955 1152 1059 ignorarent,
1170 953 1463 1059 possessionem
1476 975 1562 1028 esse
1577 947 1788 1046 vitiosam,
1800 950 1894 1053 quia
1908 975 1995 1029 non

625 1103 774 1156 novam
797 1076 1088 1181 possessionem
1116 1072 1194 1153 sibi
1220 1074 1456 1181 acquirunt,
1476 1068 1548 1148 sed
1576 1070 1814 1147 continuant
1837 1084 1998 1146 tantum

625 1222 737 1292 eam,
755 1222 876 1304 quam
890 1194 1104 1275 defunctus
1118 1192 1308 1290 habebat,
1323 1210 1364 1273 et
1374 1190 1548 1301 proinde
1559 1191 1659 1268 vitia
1672 1216 1694 1267 a
1705 1188 1897 1267 defuncto
1907 1215 2002 1267 con·

622 1332 743 1395 tracta
756 1316 977 1423 perdurant
987 1335 1057 1397 art.
1072 1316 1175 1424 2287
1190 1315 1289 1395 Cod.
1302 1316 1388 1395 Civ.
1399 1312 1522 1392 Aliud
1531 1328 1667 1389 tamen
1677 1309 1851 1410 obtinet,
1860 1311 1894 1387 si
1904 1310 1999 1418 quis

623 1464 706 1516 non
724 1438 940 1518 universali
954 1438 1026 1517 sed
1040 1436 1274 1543 particulari
1292 1435 1434 1531 titulo,
1448 1434 1579 1543 qualis
1593 1448 1654 1510 est
1674 1433 1847 1537 emptio,
1866 1430 1995 1509 dona·

623 1558 682 1634 tio
702 1575 772 1635 etc.
794 1554 972 1635 succedit
981 1557 1034 1650 ei,
1049 1556 1121 1662 qui
1135 1553 1626 1657 vitiosampossessionem
1640 1551 1776 1653 habet,
1789 1557 1885 1657 quia
1902 1552 1993 1651 hic,

621 1704 715 1753 cum
732 1693 916 1753 autorem
938 1700 1058 1753 suum
1076 1699 1160 1751 uon
1181 1689 1451 1778 repraesentet,
1473 1675 1766 1780 possessiouem
1787 1671 1867 1749 sibi
1897 1697 1996 1778 pro·

621 1796 752 1902 priam
767 1796 954 1904 acquirit,
965 1822 1056 1903 quae
1074 1820 1168 1873 cum
1186 1795 1436 1901 possessione
1456 1793 1542 1900 ejus
1564 1796 1739 1873 auctoris
1756 1791 1860 1871 nihil
1880 1818 1997 1869 com·

621 1944 746 1996 mune
770 1915 941 2014 habens,
962 1914 1070 1993 illius
1092 1915 1201 1992 vitiis
1228 1914 1376 1992 iniecta
1396 1940 1481 1993 esse
1505 1917 1651 2024 nequit
1675 1902 1743 1992 art‘.
1766 1911 1871 1994 2238
1890 1910 1996 1991 Cod.

622 2036 706 2115 civ.
718 2038 771 2113 At
780 2035 858 2113 hoc
868 2036 910 2113 iu
924 2062 1019 2113 casu
1032 2062 1240 2141 possessor
1250 2036 1318 2140 ille
1331 2063 1416 2113 non
1426 2053 1560 2142 potest
1570 2038 1631 2116 uti
1642 2036 1773 2115 favore
1782 2051 1853 2112 art.
1865 2032 1973 2115 2235
1983 2091 1994 2128 ‚

620 2158 693 2263 qui
711 2156 859 2234 tribuit
874 2158 952 2261 ipsi
973 2154 1203 2235 facultatem
1216 2157 1488 2264 conjungendi
1507 2161 1802 2267 possessionem
1819 2159 1883 2235 sui
1900 2181 1996 2232 auc·

622 2277 725 2354 toris
742 2276 862 2353 simul
881 2303 974 2353 cum
995 2277 1087 2377 sud,
1106 2280 1220 2386 quia,
1239 2280 1273 2356 si
1290 2278 1368 2356 hoc
1390 2277 1525 2375 iaciat,
1545 2279 1668 2359 debet
1686 2305 1775 2359 eam
1794 2304 1890 2356 eum
1910 2278 1997 2354 suis

622 2395 894 2511 qualitatibus·
908 2413 949 2475 et
965 2398 1074 2477 vitiis
1093 2396 1282 2475 inlectam
1304 2395 1560 2500 conjungere.

670 2622 730 2697 Ex
751 2618 867 2697 dictis
884 2634 1014 2725 putet,
1033 2617 1237 2697 nemiuem
1257 2643 1374 2725 posse
1394 2615 1474 2697 sibi
1490 2632 1647 2697 mutare
1663 2618 1832 2699 titulum
1851 2624 1985 2728 quali·

616 2754 715 2817 tates
733 2755 803 2819 aut
821 2740 918 2817 vitia
936 2766 1017 2817 suae
1037 2739 1319 2925 possessionis,
1338 2756 1381 2816 at
1396 2738 1481 2817 haec
1499 2740 1638 2843 regula
1652 2740 1793 2837 habet,
1805 2757 1855 2819 ut
1873 2742 1983 2837 aliae,

616 2885 708 2937 suas
742 2860 1006 2957 exceptiones.
1054 2846 1237 2953 mprimis
1267 2853 1419 2955 patitur
1447 2863 1725 2966 exceptionem
1753 2890 1872 2965 casu,
1901 2890 1988 2969 quo

617 2979 709 3086 quis
727 3002 770 3055 se
788 2972 1090 3081 praescriptione
1107 2968 1256 3047 liberat
1273 2976 1458 3068 artaudi
1482 2980 1581 3051 Cod.
1599 2978 1751 3071 Civ.;is
1768 2978 1986 3086 euim,qui

616 3124 658 3175 se
677 3094 975 3203 praescriptione
997 3090 1162 3188 liberat,
1180 3105 1309 3170 mutat
1326 3090 1404 3171 sibi
1423 3092 1590 3171 titulum
1611 3120 1691 3173 suae
1709 3100 1984 3200 possessionis.

615 3216 751 3297 Altera
763 3216 884 3323 hujus
895 3212 1043 3318 regulae
1063 3213 1246 3321 exceptio
1258 3227 1335 3314 est,
1352 3210 1517 3322 quaudo
1531 3215 1810 3295 intervertitur
1826 3245 1985 3324 posses·

614 3337 695 3438 sio,
709 3336 834 3445 idque
855 3351 914 3414 est
933 3331 1046 3443 quod
1066 3334 1319 3414 insinuamus
1336 3361 1459 3441 supra
1476 3333 1672 3434 dicendo,
1689 3337 1872 3441 regulam
1888 3364 1982 3419 ιιοεὁ

614 3474 719 3537 tram
737 3456 977 3561 siguificare,
997 3453 1130 3562 quod,
1151 3453 1250 3533 dum
1270 3457 1364 3565 quis
1382 3458 1442 3535 rei
1462 3454 1668 3563 cujusdam
1689 3462 1981 3565 possessiouem

613 3576 757 3675 habet,
777 3577 888 3653 nulla
911 3577 1156 3657 extrinsecus
1180 3577 1392 3657 accedente
1418 3580 1535 3657 causal
1554 3596 1729 3661 statuere
1749 3609 1886 3661 secum
1905 3607 1974 3658 ue·

614 3707 756 3805 queat,
780 3710 827 3774 ut
843 3693 920 3773 alia
939 3722 988 3773 ex
1006 3700 1121 3777 causa
1141 3698 1363 3805 possideat,
1379 3724 1502 3811 quam
1519 3728 1570 3781 ex
1586 3704 1666 3811 qud
1682 3702 1870 3781 hactenus
1887 3714 1975 3804 pos-

612 3818 726 3899 sedit.
756 3817 958 3897 Caeterum
992 3818 1230 3900 interversio
1250 3820 1318 3900 illa
1345 3827 1614 3930 possessionis
1626 3824 1670 3903 fit
1697 3850 1745 3901 ex
1771 3836 1843 3899 art.
1869 3818 1972 3904 2238

613 3940 712 4020 Cod.
734 3938 819 4025 civ,
841 3971 861 4013 α
880 3940 958 4017 soit
977 3964 1051 4045 par
1069 3966 1151 4019 une
1171 3970 1290 4023 cause
1312 3960 1458 4022 venant
1477 3942 1573 4021 d’un
1596 3946 1706 4041 tiers,
1731 3942 1813 4019 soit
1837 3968 1911 4048 par
1937 3941 1973 4019 la

612 4058 909 4164 contradiction
927 4060 1091 4170 qu'elles
1109 4080 1183 4141 ont
1201 4063 1375 4172 opposee
1395 4093 1447 4145 au
1459 4064 1577 4143 droit
1590 4063 1648 4141 du
1660 4061 1970 4168 proprietaire.»

612 4181 740 4263 Causa
764 4184 941 4267 extranei
958 4184 1236 4265 intervertitur
1253 4188 1470 4293 possessio,
1488 4180 1652 4293 quando
1670 4210 1707 4261 v.
1722 4210 1759 4287 g.
1780 4181 1972 4279 fundum,

611 4330 779 4409 querna
801 4306 920 4384 Petro
941 4302 1134 4403 conduxi,
1151 4332 1243 4384 emo
1268 4306 1333 4384 vel
1355 4304 1551 4387 donatum
1572 4306 1724 4410 accipio
1753 4332 1777 4383 a
1800 4307 1974 4407 loanne,

611 4438 651 4501 et
671 4423 784 4525 quod
804 4452 990 4505 recusans
1008 4428 1125 4506 Petro
1138 4426 1295 4511 solvere
1314 4425 1559 4527 mercedem,
1574 4425 1794 4535 declarem,
1810 4454 1876 4509 me
1890 4452 1974 4511 nou
