4517 5867
621 591 865 663 nssronsto
889 592 953 663 22
975 580 1141 684 Qursr.
1166 595 1306 664 sunto.
1601 592 1648 688 89

283 794 430 878 salibus
454 806 526 875 art.
551 790 652 875 1006
674 808 714 871 et
739 816 832 870 1011
857 787 957 901 cod.
977 789 1061 870 civ.
1084 789 1130 875 3⁰
1155 792 1206 873 iis
1226 788 1471 890 haeredibus,
1495 790 1644 902 quibus

283 918 346 998 lex
365 915 518 997 nullam
536 912 778 997 haereditatis
801 930 955 1023 partem
973 932 1181 995 conservat
1198 932 1270 996 art.
1300 942 1396 995 1011
1420 914 1519 995 Cod.
1542 913 1646 1019 Cin,

281 1040 335 1119 ita
354 1055 415 1136 ut,
430 1039 503 1146 qui
518 1038 705 1118 saisinam
723 1063 808 1115 non
824 1033 996 1137 habent,
1014 1038 1171 1117 tametsi
1188 1040 1270 1117 sint
1287 1037 1464 1145 legatarii
1481 1038 1645 1119 univcr-

282 1158 382 1275 salcs
401 1159 466 1241 vel
486 1158 857 1271 haeredes,'quibus
880 1157 944 1238 lex
963 1185 1047 1237 non
1070 1177 1279 1240 conservat
1298 1178 1453 1268 partem
1478 1160 1646 1240 haeredi-

282 1285 397 1387 tatis,
415 1285 709 1391 possessionem
730 1278 911 1361 defuncti
935 1307 1019 1361 non
1045 1283 1123 1365 nisi
1145 1286 1281 1363 animo
1306 1299 1347 1359 et
1371 1308 1542 1388 corpore
1566 1284 1647 1362 sint

281 1406 525 1513 acquisituri.
549 1407 603 1483 At
627 1405 721 1485 licet
743 1420 841 1485 tunc
862 1406 1155 1517 possessionem
1180 1406 1269 1513 ipso
1286 1404 1376 1513 jure
1400 1430 1485 1483 222
1508 1404 1646 1514 acqui-

281 1542 393 1624 rant,
418 1527 634 1637 acquirunt
666 1543 802 1606 tamen
829 1529 917 1635 ipso
943 1527 1032 1637 jure
1060 1526 1289 1607 dominium
1316 1527 1476 1605 illarum
1508 1552 1647 1605 rerum

281 1646 652 1751 haereditariarum,
678 1678 769 1759 quac
800 1648 852 1729 ad
882 1652 991 1758 ipsos
1019 1652 1221 1759 pertinere
1245 1647 1423 1749 dehent,
1452 1675 1501 1729 22
1532 1649 1645 1759 quod

280 1770 489 1851 translatio
511 1770 683 1852 dominii
708 1790 872 1853 nonest
893 1771 1057 1853 effectus
1077 1772 1249 1870 saisina,
1274 1771 1335 1851 uti
1360 1761 1439 1851 hoc
1464 1787 1573 1879 patet
1598 1798 1647 1852 ex

281 1907 352 1972 art.
376 1892 475 2001 723,
496 1894 594 2003 724,
612 1895 713 2004 767,
733 1894 810 2007 768
829 1910 871 1975 et
891 1921 968 2005 770
989 1892 1209 2007 cunjuncta
1230 1921 1324 1973 cum
1341 1911 1413 1974 art
1433 1891 1522 2001 773.

344 2120 545 2200 Caeterum
576 2148 669 2199 cum
700 2120 751 2200 ad
781 2122 1043 2227 possessionis
1075 2123 1383 2231 acquisitionem
1414 2121 1647 2232 requiratur

283 2240 441 2319 animus
454 2241 532 2320 sibi
546 2240 722 2322 habendi
736 2258 807 2320 art
823 2269 927 2349 2229
938 2244 1162 2350 ‚sequitur,
1180 2243 1241 2321 uti
1260 2240 1311 2322 de
1329 2245 1425 2322 Jure
1441 2243 1646 2339 Romano,

281 2389 422 2442 omnes
440 2391 527 2466 eos,
542 2365 614 2473 qui
628 2361 748 2470 hujus
762 2363 886 2441 animi
904 2364 1110 2471 incapaces
1128 2381 1242 2464 sunt,
1261 2365 1556 2470 possessionem
1575 2390 1648 2471 per

280 2502 407 2564 semet
435 2486 544 2591 ipsos
572 2485 781 2595 acquirere
808 2513 893 2564 non
917 2512 1056 2593 posse,
1083 2486 1221 2597 quales
1247 2501 1342 2565 sunt
1369 2484 1562 2586 infantes²
1584 2483 1648 2563 fu·

279 2608 376 2693 riosi
405 2623 500 2710 etc,
527 2608 598 2718 qui
628 2635 702 2717 per
729 2624 922 2705 tutorem,
938 2610 1004 2688 vel
1036 2626 1263 2695 curatorem
1291 2635 1410 2687 suum
1439 2606 1672 2716 possidere·

279 2727 571 2833 intelliguntur.
592 2729 677 2808 Nec
701 2729 824 2809 refert
847 2727 897 2808 de
916 2732 1013 2811 lure
1031 2730 1264 2829 Hodierno,
1283 2747 1423 2810 utrum
1441 2726 1572 2808 infans
1598 2726 1648 2807 ad

282 2874 372 2925 eam
398 2849 522 2927 modo
544 2867 756 2957 provectus
779 2852 835 2953 sit
858 2866 1032 2943 aetatem,
1052 2857 1100 2918 ut
1119 2852 1366 2919 intellectum
1392 2850 1665 2941 2212222222

283 2992 357 3063 ne;
379 2994 474 3043 nam
495 2987 640 3043 neutro
668 2972 712 3041 in
737 2965 1029 3063 casutamdiu,
1051 2959 1246 3072 quamdiu
1268 2961 1394 3070 major
1416 2961 1541 3045 lactus
1565 2993 1649 3045 non

284 3104 358 3189 est,
377 3086 670 3193 possessionem
688 3112 760 3193 per
777 3101 903 3166 semet
920 3086 1055 3191 ipsum
1076 3099 1209 3192 potest
1219 3085 1520 3193 acquirere‚uti
1540 3106 1648 3195 patet

284 3224 410 3287 exart
423 3204 501 3317 935
516 3204 616 3288 Cod.
628 3206 811 3321 Civ.‚qqi
825 3204 1095 3315 comparando
1110 3209 1310 3295 minorem
1325 3236 1419 3289 cum
1432 3210 1647 3302 interdicto

280 3328 684 3437 jubet‚donationem
697 3330 844 3407 minori
858 3354 945 3407 222
958 3330 1206 3438 emancipato
1220 3330 1361 3411 factam
1374 3329 1648 3437 accipiendam

276 3478 367 3531 esse
387 3479 411 3530 a
433 3468 587 3555 tutore,
606 3449 715 3530 unde
738 3448 963 3531 luculenter
985 3467 1112 3561 patet,
1134 3451 1247 3561 quod
1268 3480 1410 3549 nemo,
1432 3469 1648 3559 antequam
1726 3557 1729 3561 A

281 3575 326 3653 in
340 3600 454 3655 suam
466 3574 636 3655 tutelam
644 3573 980 3682 venerit,aliquid
994 3602 1068 3683 per
1077 3602 1120 3655 se
1132 3575 1269 3684 ipsum
1281 3570 1513 3683 possidendi
1526 3600 1647 3683 capax

282 3720 306 3773 a
326 3692 414 3801 lege
432 3712 668 3801 agnoscatur
687 3700 703 3803 (
728 3697 755 3801 ).

337 3919 542 4022 Quaeritur
566 3935 724 4025 autem,
748 3918 924 4031 quidde
953 3920 1123 4000 muliere
1148 3918 1226 4003 sub
1248 3936 1444 4029 potestate
1468 3926 1643 4007 maritali
1750 3936 1758 3941 ’

285 4043 499 4124 constituta
513 4042 730 4143 dicendum
738 4046 806 4148 sit,
815 4070 867 4123 an
877 4043 960 4123 haec
970 4060 1104 4151 potest
1117 4046 1410 4153 possessionem
1423 4048 1643 4157 acquirere,

331 4285 382 4371 (t)
405 4284 443 4353 V.
458 4285 610 4364 lusam,
626 4286 805 4374 ripertoire
818 4285 880 4355 tub
897 4307 977 4356 voco
995 4310 1003 4353 ε
1020 4290 1153 4355 mansur.

317 4487 319 4497 ¹
458 4462 518 4529 ΠΙ.
1456 4490 1498 4537 ra
