4517 5867
350 561 729 638 continuatum
752 563 821 638 AD
842 563 1195 656 Qunsttottntt
1212 571 1546 684 ttrunantttt.
1585 575 1655 664 145

291 742 465 825 invicem
495 767 754 853 comparare,
775 771 869 826 saue
901 746 958 826 itu
992 747 1070 827 erit
1100 745 1374 855 judicandum.
1402 752 1516 854 Quid
1533 756 1654 838 enim

293 864 544 976 frequentius
571 867 681 978 apud
709 893 824 949 senes
849 893 973 979 quum
998 886 1211 973 aegrotare,
1243 897 1340 950 cum
1376 889 1506 953 totam
1540 877 1654 957 infir-

290 1013 401 1069 mam
423 977 693 1102 'debilemque
725 1007 880 1072 aetatem
910 992 954 1069 in
986 992 1189 1072 continuis
1215 1017 1319 1100 saepe
1353 993 1510 1075 morbis
1541 1011 1654 1077 trau·

293 1111 449 1218 cigenti
466 1215 468 1218 Ι
483 1111 569 1213 Sed¹
601 1139 654 1193 ne
673 1123 715 1193 ‘a
747 1113 957 1222 proposito
996 1128 1136 1192 nostro
1170 1114 1352 1193 nimium
1386 1114 1621 1198 &memus
1640 1177 1665 1222 ,

293 1236 499 1314 monuisse
534 1233 724 1338 sufficiat,
755 1233 911 1314 fi1mam
947 1250 1105 1314 tantum
1133 1250 1176 1314 et
1205 1233 1382 1316 validam
1406 1253 1654 1318 senectutem

294 1381 387 1434 cum
417 1353 542 1434 debili
568 1355 778 1478 jurentute
805 1353 1081 1464 voluptatibus
1108 1353 1299 1435 effrenati
1322 1357 1519 1436 Nostrum
1547 1369 1652 1437 com·
1763 1345 1769 1353 ’
1804 1385 1814 1407 ,

287 1499 483 1580 parasse,
516 1500 652 1584 neque
684 1474 799 1554 aliter
829 1475 932 1554 illud
961 1502 1046 1555 esse
1074 1475 1378 1584 accipiendum,
1405 1476 1519 1586 quod
1555 1477 1656 1558 dicit
1716 1479 1723 1490 “

293 1593 464 1674 Grauios
471 1621 536 1674 eos
544 1613 744 1704 aegrotare.
759 1595 885 1699 Quod
901 1613 1034 1676 autem
1050 1613 1254 1706 postremo
1267 1597 1401 1700 addit,
1412 1600 1576 1678 Tristius
1588 1625 1655 1677 eos

291 1719 441 1810 curari,
464 1715 566 1828 quid
586 1717 649 1798 his
669 1719 805 1798 verbis
826 1717 1000 1798 voluerit
1022 1717 1142 1821 Cato,
1160 1746 1247 1818 'uon
1270 1722 1363 1798 satis
1384 1734 1550 1798 constat.
1572 1716 1655 1797 Alii

288 1835 401 1914 enim
415 1837 669 1919 contendunt
678 1838 757 1918 illia
774 1839 853 1918 hoe
870 1838 1106 1944 significari,
1123 1839 1175 1918 ab
1189 1839 1427 1918 morborum
1445 1836 1658 1917 vehemens

286 1956 401 2058 tiam,
420 1985 559 2040 curam
577 1987 718 2040 eorum
737 1961 863 2068 magis
879 1959 1083 2041 difficilem
1102 1987 1186 2040 esse
1203 1987 1249 2039 ac
1265 1958 1523 2061 laboriosam,
1540 1955 1655 2065 quod

286 2079 478 2184 gravibus
496 2081 651 2160 morbis
668 2098 847 2181 extrema
863 2109 1030 2190 quoque
1047 2083 1128 2160 sint
1142 2079 1322 2180 ‘remedia
1338 2078 1566 2159 adhibenda
1585 2082 1602 2184 (
1626 2069 1654 2180 )

287 2195 369 2278 sed
390 2197 565 2280 latemur
581 2203 717 2281 minus
733 2201 853 2280 nobis
877 2201 1056 2280 arridere
1078 2199 1182 2279 hanc
1202 2199 1520 2306 explicationem.
1541 2199 1656 2280 Licet

288 2317 399 2396 euim
422 2317 591 2424 juvenes
617 2319 822 2426 depravati
852 2322 1036 2400 maximis
1066 2319 1290 2397 obruantur
1315 2318 1485 2419 morbis,
1513 2333 1657 2404 natura

287 2452 423 2518 minen
443 2440 529 2546 ipsa
538 2437 873 2520 virium—deiectus
882 2439 1059 2549 quodam
1069 2437 1193 2516 modo
1202 2435 1390 2544 supplere
1399 2435 1576 2535 videtur3
1588 2465 1655 2518 ne·

287 2587 369 2675 que
376 2561 516 2660 senex,
530 2557 765 2668 defatigatus
774 2561 959 2640 maximis
968 2557 1323 2666 laboribus,atque
1341 2555 1558 2636 debilitatis
1572 2558 1655 2665 jam

285 2679 462 2783 viribus,
473 2681 645 2790 amplius
660 2677 883 2790 quidquam
896 2696 1123 2788 exspectare
1136 2675 1274 2776 debet,
1288 2674 1400 2786 quod
1414 2703 1649 2759 succurrere

287 2799 510 2884 infirmitati
520 2803 701 2912 eorporis
714 2803 944 2913 viriumque
953 2799 1219 2880 imbecillitati
1231 2797 1375 2900 ualeat,
1387 2825 1433 2875 ac
1453 2797 1655 2882 difficilius

287 2921 469 3030 profecto
489 2951 631 3004 eorum
649 2922 784 3004 morbi
804 2939 1005 3004 curantur.
1024 2923 1281 3026 Quapropter
1299 2919 1348 2995 iis
1367 2917 1504 3022 potius
1520 2943 1654 2996 asseu-

287 3046 412 3122 timur
439 3045 511 3154 qui
538 3043 807 3140 arbitrantur,
831 3044 956 3122 verba
985 3040 1053 3119 illa
1078 3067 1163 3120 nou
1195 3055 1277 3117 tam
1311 3015 1363 3116 ad
1396 3054 1655 3142 aegrotantem

288 3191 411 3274 quam
433 3163 484 3244 ad
509 3164 595 3272 ejus
616 3152 955 3271 consanguineos,
979 3162 1129 3242 amicos
1150 3175 1358 3267 totamque
1379 3155 1568 3246 familiam
1589 3186 1656 3238 re·

289 3285 396 3366 ferri.
423 3288 555 3366 Triste
580 3289 690 3367 euim
713 3303 775 3366 est
799 3283 1071 3394 spectaculum
1096 3279 1235 3361 videre
1262 3295 1514 3386 praestantem
1537 3279 1655 3386 juve·

288 3434 398 3506 nem,
426 3406 478 3487 de
505 3435 589 3518 quo
613 3407 852 3515 amplissima
878 3431 1052 3515 quaeque
1078 3399 1130 3482 ab
1159 3400 1349 3480 omnibus
1372 3397 1653 3506 sperabantur,

288 3531 361 3636 qui
382 3545 549 3634 propter
567 3556 730 3608 morum
746 3529 1035 3632 integritatem,
1055 3522 1286 3604 comitatem
1305 3537 1346 3600 et
1361 3519 1655 3625 benignitatem

288 3648 341 3726 ab
365 3647 554 3734 omnihus
574 3647 828 3752 diligebatur,
851 3648 942 3756 qui,
963 3671 1130 3752 corpore
1149 3642 1255 3721 bene
1273 3642 1511 3743 constituto,
1528 3640 1654 3722 maxi-

287 3795 401 3848 mum
410 3770 500 3850 vitae
508 3753 1088 3878 spatiumlustraturuserat,'in
1096 3765 1185 3872 ipso
1197 3762 1323 3842 aetatis
1332 3759 1432 3841 flore
1440 3765 1652 3872 exstingui.

288 3891 446 4000 Lugent
470 3894 580 3974 euim
608 3908 816 4002 parentes,
842 3887 1056 3998 deplorant
1073 3885 1222 3990 amici,
1245 3911 1390 3966 omues
1412 3882 1499 3992 ejus
1523 3887 1653 3981 vicem

192 4211 196 4218 ·
335 4177 384 4268 (ι)
405 4177 453 4243 Τὰ
472 4179 531 4267 γὰρ
545 4177 664 4264 ἔσχατα
681 4190 737 4245 τῶν
755 4184 923 4264 mpetum
940 4179 1073 4264 ἐσχάτων
1093 4171 1181 4244 δεῖται
1199 4173 1250 4241 aad
1269 4184 1326 4244 τῶν
1349 4179 1528 4265 φαρμάκων,
1548 4183 1589 4238 ut
1605 4172 1652 4238 ait

289 4282 538 4349 floreamus
552 4282 635 4348 Sect·
649 4283 677 4346 1.
690 4273 884 4374 rlpborism.
897 4283 928 4348 6.
1251 4298 1255 4302 “
1393 4276 1397 4285 ’

482 4417 543 4495 tlt
578 4453 580 4462 ·
631 4470 636 4483 ·
915 4503 918 4508 ¹
1422 4437 1469 4510 19
