4517 5867
639 660 885 737 RESPONSIO
908 668 972 736 ΔΙ)
993 666 1163 757 QUAEST.
1180 664 1323 735 tunm.
1616 660 1660 757 73

301 864 535 947 naturaliter
559 864 766 975 possidere
791 862 1100 969 intelligendum
1121 892 1224 962 esae3
1250 877 1290 943 at
1316 862 1466 943 adhoc
1490 886 1656 968 respon·

297 988 385 1067 deri
399 1014 517 1095 posse
530 1006 734 1096 putamus,
749 987 1015 1067 differentiam
1032 984 1143 1064 illam
1156 983 1369 1095 provenire
1383 1015 1433 1067 ex
1448 1012 1514 1082 eo,
1529 982 1657 1093 quod,

297 1139 391 1190 cum
409 1110 521 1190 nullia
539 1139 588 1191 ex
608 1112 696 1218 lege
712 1110 892 1209 Romanii
909 1125 1057 1217 pateat,
1078 1111 1121 1187 in
1140 1137 1224 1220 quo
1253 1112 1441 1188 consistat
1461 1107 1659 1214 possessio

297 1231 447 1330 civilis,
473 1230 764 1312 recurrendum
788 1247 890 1310 esset
906 1228 1047 1332 nobis,
1067 1246 1114 1307 ut
1135 1228 1237 1307 illud
1256 1228 1591 1328 determinemus,
1609 1224 1659 1304 ad

295 1370 481 1431 naturam
494 1354 775 1459 possessionis,
792 1349 1016 1431 secuudum
1035 1336 1180 1462 quam,
1199 1376 1265 1428 me
1283 1350 1427 1427 merito
1442 1350 1659 1456 possessio-

297 1500 406 1573 nem,
423 1500 546 1581 quam
564 1474 789 1553 ministerio
810 1474 978 1557 alterius,
989 1472 1239 1576 detinemus,
1257 1471 1481 1552 naturalem
1494 1496 1661 1579 quoque

295 1593 511 1702 appellasse
522 1612 640 1701 put0,
652 1614 693 1675 at
704 1624 803 1675 vero
822 1624 917 1676 cum
930 1624 979 1675 ex
991 1595 1142 1675 Codice
1158 1594 1359 1674 hodierno
1377 1610 1532 1701 pateat,
1547 1589 1660 1701 quod

297 1716 372 1795 alia
393 1716 444 1793 sit
470 1718 734 1823 possessionis
754 1719 924 1826 species,
953 1744 1076 1827 quarn
1100 1743 1174 1823 per
1194 1731 1355 1793 nosmet
1374 1718 1482 1821 ipsos
1504 1712 1660 1791 detine-

296 1864 407 1939 mus,
427 1838 527 1940 alia,
554 1867 678 1950 quam
700 1840 927 1919 ministerio
956 1838 1140 1935 alterius,
1170 1854 1211 1917 et
1239 1836 1353 1946 quod
1377 1834 1550 1942 proinde
1574 1832 1663 1912 duaa

296 1959 372 2037 illae
392 1950 654 2068 possessionis
674 1962 839 2043 diversae
856 1962 1009 2071 species
1032 1963 1076 2038 in
1095 1962 1192 2040 lure
1215 1957 1426 2037 Hodierno
1453 1961 1663 2059 exsistant,

294 2108 455 2161 necesse
466 2086 726 2184 estetiam,ut
735 2084 1085 2162 denominationes
1094 2082 1191 2187 ipsis
1201 2097 1468 2186 congruentes
1477 2078 1663 2157 tribuan-

293 2216 382 2300 tur,
399 2204 481 2310 jam
502 2232 600 2283 vero
622 2205 888 2312 simpliciores
902 2230 1023 2311 quam
1038 2202 1189 2401 puibus
1202 2229 1300 2280 usus
1319 2200 1409 2281 sirm
1423 2190 1660 2279 denomina-

294 2326 425 2407 tiones
437 2352 520 2405 non
531 2328 680 2406 inveni.
689 2328 889 2405 Caeterum
899 2343 1037 2403 tamen
1061 2326 1159 2404 ateri
1173 2324 1316 2419 debeo,
1326 2349 1391 2400 me
1401 2322 1598 2399 nonnihil
1610 2320 1662 2398 de

282 2446 369 2525 ¹hac
389 2434 587 2525 divisione
610 2446 817 2543 dubitare3
840 2464 1110 2556 quapropter,
1132 2447 1165 2524 si
1184 2440 1466 2551 argumentum
1493 2443 1662 2522 ductum
1797 2490 1805 2505 ·

295 2592 318 2643 a
332 2568 355 2645 J
357 2568 433 2645 Cto
444 2570 630 2647 Hurraau
641 2594 688 2646 ex
698 2584 768 2645 art.
780 2568 884 2649 2228
902 2566 1000 2646 Cod.
1013 2567 1098 2646 Civ.
1114 2594 1199 2645 non
1211 2566 1398 2646 concluse
1411 2567 1673 2663 instituatur,

295 2714 380 2767 non
396 2686 643 2789 dubitamus,
655 2690 756 2802 quin
772 2688 934 2787 divisio,
945 2716 1068 2798 quam
1082 2686 1135 2767 de
1152 2690 1249 2768 lure
1262 2689 1445 2767 Romano
1467 2687 1661 2783 sistimus,

299 2808 349 2888 de
370 2813 466 2889 Jure
489 2808 699 2891 Hodierno
719 2838 884 2920 quoque
906 2811 1053 2895 debeat
1070 2810 1281 2901 obtinere,
1302 2838 1396 2889 curn
1415 2810 1517 2889 hanc
1537 2834 1662 2917 quam

297 2936 470 3005 maxime
491 2920 642 3005 naturas
662 2929 925 3035 possessionis
948 2920 1186 3003 conformari
1204 2921 1458 3004 arbitremur.

324 3184 327 3191 ·
349 3155 441 3233 Alio
463 3156 585 3233 etiam
603 3154 681 3234 sub
706 3154 828 3234 modo
851 3158 1051 3264 possessio
1075 3156 1203 3237 dividi
1214 3172 1357 3265 potest
1376 3157 1421 3234 in
1445 3153 1604 3235 civilem
1621 3176 1661 3235 et

296 3275 541 3376 naturalem,
566 3302 649 3385 quo
672 3302 794 3357 sensu
817 3279 945 3358 civilis
966 3279 1114 3358 dicitur
1137 3306 1205 3382 ea,
1223 3306 1344 3389 quam
1371 3275 1492 3356 habet
1514 3279 1570 3375 is,
1588 3279 1661 3386 qui

296 3424 384 3476 rem
401 3396 556 3498 detinet
574 3399 709 3477 animo
724 3397 901 3497 domini,
922 3418 991 3479 aut
1008 3400 1147 3480 saltem
1162 3400 1267 3509 justa
1281 3400 1473 3506 opinione
1488 3398 1661 3475 dominii

297 3524 462 3626 quaesiti.
484 3521 590 3599 Hinc
611 3518 663 3599 ad
683 3548 770 3601 eam
792 3524 1032 3632 requiritur,
1055 3541 1102 3602 ut
1119 3522 1227 3631 justo
1247 3520 1367 3600 titulo
1391 3517 1600 3617 iimdetur,
1617 3519 1662 3597 id

297 3658 358 3719 est
374 3643 495 3720 titulo
513 3640 563 3723 ad
584 3642 906 3724 transferendum
925 3645 1153 3724 dominium
1174 3642 1320 3737 habili,
1341 3658 1389 3717 ut
1403 3637 1571 3744 emptio,
1585 3635 1660 3718 do·

297 3764 424 3865 natio,
442 3766 682 3870 permutatio
698 3782 773 3844 etc.
794 3767 1011 3862 Possessio,
1030 3792 1120 3873 quae
1141 3791 1191 3843 ex
1206 3762 1277 3840 tali
1292 3758 1410 3839 titulo
1431 3761 1580 3862 oritur,
1597 3760 1659 3839 di·

297 3886 399 3964 citur
430 3886 581 3987 civilis,
610 3914 686 3966 nec
716 3890 904 3988 interest,
926 3915 978 3966 an
1002 3912 1210 3995 possessor
1231 3910 1281 3962 cx
1303 3909 1352 3962 eo
1378 3880 1499 3961 titulo
1527 3882 1658 3961 domi·

294 4008 411 4086 nium
439 4034 577 4088 revera
601 4009 832 4119 acquisierit
849 4035 924 4088 nec
945 4035 1014 4106 ne,
1036 4033 1120 4085 non
1139 4006 1236 4114 quia
1255 4004 1397 4084 titulus
1415 4005 1572 4107 deerat,
1588 4006 1659 4086 scd

295 4129 391 4235 quia
404 4126 489 4228 ille,
502 4155 526 4205 a
539 4152 622 4235 quo
636 4155 723 4205 rem
735 4145 862 4223 tenet,
877 4127 1068 4208 dominus
1081 4154 1166 4207 non
1180 4144 1281 4229 erat,
1301 4126 1395 4207 licet
1416 4127 1466 4206 de
1488 4128 1536 4205 cai
1555 4144 1659 4205 tam·

297 4274 419 4356 quam
445 4248 516 4325 sual
545 4246 812 4355 disposuerit,
840 4247 1024 4327 simodo
1059 4277 1143 4328 non
1174 4267 1362 4357 appareat
1387 4273 1656 4357 possessorem

294 4370 501 4475 agnovisse
511 4395 599 4448 rem
612 4370 663 4449 ad
670 4369 926 4450 venditorem
936 4398 1020 4451 non
1029 4373 1249 4479 pertinere,
1258 4373 1302 4453 id
1314 4389 1389 4471 est,
1400 4371 1433 4449 si
1448 4398 1534 4450 rem
1548 4371 1655 4452 bona

289 4484 292 4495 '
489 4494 549 4563 111.
947 4560 951 4569 ,
1264 4499 1275 4524 “
1372 4516 1417 4567 ιο
