4517 5867
46 699 61 860 l

885 587 1066 673 ORATIO.
1612 632 1652 679 at

297 788 478 869 omnium
498 810 620 893 opera
639 807 769 893 usque
796 781 897 863 adeo
917 785 1026 891 viget
1044 780 1258 863 Academia
1275 798 1434 887 nostra,
1455 804 1656 871 uteorum

293 902 564 989 illustrissimo
575 906 820 987 Curatorum
829 905 1015 1013 collegio,
1026 923 1067 987 ct
1074 908 1117 985 in
1128 923 1345 1013 conspectu
1353 920 1488 986 vestro
1496 910 1573 987 viri
1582 940 1658 993 no-

293 1028 479 1109 bilissimi
492 1090 503 1128 ,
517 1031 591 1137 qui
608 1030 653 1107 in
672 1027 744 1107 hac
761 1028 966 1135 provincia
987 1030 1116 1107 autin
1135 1028 1208 1107 hac
1227 1029 1335 1109 urbe¹
1352 1029 1475 1109 rebus
1488 1029 1662 1136 publicis

295 1152 622 1235 administrandis
647 1150 711 1232 vel
729 1150 891 1260 justitiae
911 1148 1166 1233 'vindicandae
1185 1154 1382 1260 praeestis,
1406 1152 1579 1234 attestari
1604 1152 1663 1234 fas

298 1276 365 1373 sit,
385 1279 429 1355 in
453 1274 610 1378 singula
637 1272 818 1353 facultate
841 1288 996 1379 partem
1022 1272 1144 1378 longe
1171 1275 1387 1359 maximam
1406 1274 1662 1357 alumnorum

297 1424 456 1477 summo
471 1396 629 1475 fervore
647 1395 792 1476 studiis
812 1394 1048 1475 incumbere
1068 1412 1109 1474 et
1127 1420 1250 1505 quam
1268 1395 1467 1505 plurimos
1479 1424 1564 1477 non
1577 1424 1661 1478 me-

298 1519 426 1601 diocri
445 1535 514 1599 eut
532 1535 669 1625 optato
685 1546 880 1600 successu
898 1520 1055 1624 Pergite
1076 1519 1319 1597 ornatissimi
1330 1517 1514 1624 juvenes,
1533 1536 1580 1600 ut
1597 1548 1665 1601 cae·

231 1698 233 1705 ν
298 1643 432 1751 pistis3
460 1670 550 1753 quae
577 1642 629 1722 de
654 1642 772 1723 vobis
793 1641 998 1752 praedico,
1022 1640 1162 1721 labore
1188 1640 1388 1723 indefesso
1414 1658 1455 1723 et
1479 1643 1663 1723 moribus

298 1764 509 1869 Religione
532 1792 616 1844 non
640 1766 775 1845 minus
796 1792 918 1875 quam
942 1779 1075 1845 vestra
1101 1763 1338 1845 educatione
1360 1764 1493 1871 dignis
1515 1764 1662 1845 confir·

299 1903 405 1966 mate
430 1915 439 1964 :
465 1890 542 1967 nisi
568 1888 676 1967 vitiis
703 1905 856 1967 naturae
883 1889 1000 1967 Vires
1024 1886 1292 1993 hebetentur,
1321 1889 1464 1967 crescit
1487 1887 1665 1995 juvenile

299 2035 446 2117 corpus
469 2026 509 2089 et
530 2011 645 2119 quasi
665 2028 810 2118 sponte
834 2008 1056 2118 perficitur,
1078 2010 1150 2091 sed
1170 2011 1306 2090 studio
1334 2026 1375 2090 et
1395 2010 1531 2091 labore
1554 2011 1665 2092 evol·

300 2133 442 2212 rendae
460 2148 555 2212 sunt
575 2133 717 2211 animae
735 2131 941 2213 facultates
955 2151 996 2211 et
1015 2132 1276 2229 exornandae;
1294 2135 1448 2239 pergite
1469 2159 1607 2242 quaeso
1621 2151 1667 2212 ut

303 2255 493 2360 caepistis,
507 2280 659 2367 cursus
686 2254 933 2331 academicos
959 2252 1140 2330 alacriter
1166 2270 1467 2351 consummate,
1493 2270 1533 2332 et
1560 2254 1667 2364 siqui
1733 2332 1736 2337 .

304 2373 439 2455 forsan
458 2376 564 2453 iuter
584 2400 657 2454 vos
674 2376 877 2481 supersint
896 2370 1047 2453 desidia
1070 2390 1279 2481 torpentes
1292 2390 1335 2453 et
1354 2376 1475 2483 sopiti
1490 2374 1556 2456 vel
1571 2376 1667 2455 infa-

302 2498 403 2575 tuati
425 2495 677 2603 voluptatum
700 2496 931 2593 lenociniis,
953 2512 1103 2574 sortem
1129 2498 1301 2574 istorum
1330 2495 1481 2594 dolete,
1502 2496 1667 2577 misere·

304 2618 403 2696 mini
429 2618 619 2722 istorum,
636 2618 721 2699 istis
744 2616 930 2717 assistite,
956 2634 1002 2697 ut
1022 2617 1263 2725 quantocius
1284 2619 1610 2723 expergiscantur
1627 2636 1668 2699 ct
1707 2704 1711 2712 ,

304 2741 545 2848 resipiscant

315 3048 320 3055 ·
359 3010 519 3115 Egregii
536 2994 706 3116 juvenes
727 3007 988 3116 perpendite,
1009 3022 1160 3117 quanta
1182 3006 1350 3085 utamini
1378 3001 1563 3087 felicitate
1585 3034 1670 3087 non

306 3148 462 3213 tantum
480 3128 594 3239 quod
610 3130 693 3209 nati
713 3130 799 3207 sitis
812 3156 861 3207 eo
883 3156 984 3226 aevo,
1002 3155 1086 3237 quo
1108 3129 1283 3209 scientiar
1301 3128 1409 3238 apud
1428 3158 1568 3213 omnes
1588 3130 1671 3213 fere

306 3256 488 3334 nationes
499 3251 551 3331 ad
560 3254 779 3330 maximum
790 3246 1047 3357 perfectionis
1058 3248 1229 3355 gradum
1248 3251 1520 3352 increverunt,
1534 3272 1670 3364 etquo

308 3366 512 3485 quidquid
539 3374 633 3453 alibi
658 3374 859 3475 detegitur
877 3373 976 3448 utile
997 3390 1065 3448 aut
1081 3371 1329 3476 jucundum,
1354 3374 1454 3453 mira
1473 3374 1670 3458 celeritate

308 3498 463 3607 ubique
483 3495 762 3603 provulgatur,
781 3492 853 3571 sed
874 3494 1075 3599 praecipue
1102 3492 1197 3599 quia
1218 3490 1269 3571 ad
1293 3494 1423 3573 studia
1449 3497 1674 3578 academica

309 3646 381 3700 vos
409 3617 612 3722 accingitis
641 3614 718 3693 sub
746 3630 858 3693 tanto
888 3610 1194 3722 disciplinarum
1224 3615 1380 3695 fautore
1410 3635 1451 3696 et
1481 3637 1673 3726 patrono,

310 3756 506 3850 quantum
534 3752 722 3844 exoptare
748 3733 859 3833 licet;
889 3754 1051 3815 curante
1082 3734 1192 3816 enim
1218 3738 1511 3844 Angustissimo
1540 3738 1671 3850 Rege,

310 3879 453 3942 cuncta
474 3860 591 3940 vobis
610 3874 748 3967 parata
765 3873 860 3937 sunt
887 3856 1041 3959 media,
1064 3886 1330 3969 quaecumque
1351 3858 1575 3942 desiderare
1598 3893 1672 3974 po-

311 3988 438 4087 testis,
460 4001 508 4063 ut
530 3983 682 4063 directo
707 3980 837 4088 gradu
858 3978 908 4059 ad
930 3982 1191 4061 scientiarum
1217 3981 1369 4089 fastigia
1389 3985 1579 4094 progredi
1605 4014 1673 4067 va-

314 4110 446 4191 leatis·
439 4140 538 4211 ‚nec
557 4112 718 4233 illarum
745 4110 1067 4215 solummodo,
1036 4140 1122 4191 sine
1145 4105 1295 4237 quibus
1324 4116 1551 4259 respublica
1571 4134 1672 4199 stare

316 4250 358 4313 et
373 4234 432 4312 illi
457 4234 561 4313 bene
583 4262 627 4315 ac
649 4224 838 4344 prospere
861 4260 945 4317 esse
973 4262 1059 4315 non
1084 4254 1232 4346 potest,
1261 4234 1332 4317 sed
1355 4241 1559 4345 omnium,
1579 4242 1673 4351 qui·

315 4342 393 4437 bus
424 4355 677 4436 hominem
667 4382 888 4461 ingenuum
923 4384 1007 4441 esse
1044 4357 1277 4463 imbutum,
1313 4360 1580 4446 honorificum
1614 4376 1675 4443 est
