4517 5867
677 658 679 663 .
752 602 756 613 ·
818 596 1021 665 enarro:
1215 564 1220 571 ’
1556 620 1594 667 ιι

226 822 356 905 -quem
375 796 419 875 in
438 790 558 889 finem
580 790 713 873 omnia
734 787 816 869 luec
834 786 1069 869 conamina?
1089 786 1234 867 nisiut
1252 801 1337 866 tota
1357 814 1494 869 rerum
1511 766 1600 873 uui·
1647 859 1653 866 .

230 920 395 1009 ,versitas
415 932 456 999 et
468 936 616 995 omnes
638 913 820 1005 omnium
839 911 1005 1003 virtutes
1026 911 1069 989 in
1086 911 1260 994 maxima
1275 912 1477 992 societatis
1493 940 1599 993 com·

233 1040 354 1121 moda
376 1053 669 1121 convertantur.

280 1244 394 1324 Inter
423 1270 543 1323 vanas
569 1240 859 1361 speculationes
887 1257 928 1320 et
949 1238 995 1319 in
1021 1237 1136 1320 diurn
1154 1238 1385 1321 abituras
1355 1202 1486 1361 siquis
1511 1239 1593 1320 haec

222 1366 374 1446 habeat
391 1359 544 1466 studia,
566 1361 742 1469 nligone
758 1390 835 1472 per
854 1388 994 1443 omnes
1014 1362 1058 1443 in
1081 1361 1268 1442 societate
1290 1361 1438 1468 gradus
1458 1390 1594 1458 ascen·

231 1486 317 1588 dat,
340 1503 381 1567 et
398 1514 519 1597 quam
538 1486 714 1593 reperiet
737 1500 870 1565 artem
875 1481 1019 1593 ,quod
1038 1482 1273 1593 opificium,
1295 1510 1419 1593 quam
1440 1482 1594 1593 proles·

225 1609 398 1711 sionem,
423 1605 537 1719 quod
559 1610 649 1687 vitae
668 1632 812 1713 genus,
836 1601 902 1685 cui
927 1604 1147 1744 disciplinae
1164 1606 1362 1688 naturales
1381 1634 1466 1687 non
1484 1635 1594 1690 eum·

221 1756 390 1839 mopere
405 1730 637 1827 inserviant,
653 1728 719 1807 cui
736 1755 820 1809 non
838 1728 1013 1815 maxime
1026 1728 1207 1837 prosint?
1226 1728 1268 1809 Si
1283 1728 1430 1809 artium
1449 1718 1593 1809 libem·

220 1848 327 1929 lium
347 1854 417 1953 sit,
436 1852 528 1931 vitae
552 1852 734 1932 semitam
752 1848 878 1932 lenire
895 1869 938 1931 et
956 1850 1126 1933 floribus
1148 1878 1434 1992 conspergere,
1453 1879 1593 1936 nonne

223 1998 274 2049 eo
304 1911 458 2052 felicilrs
488 1972 779 2080 deiunguntur,
809 2002 893 2084 quo
925 1972 1084 2056 fidelius
1111 1993 1295 2055 naturam
1319 1972 1527 2053 imitantur
1551 1990 1593 2053 et

220 2094 482 2203 exprimunt?
499 2112 541 2175 et
558 2098 625 2180 cui
643 2094 816 2177 dubium
833 2113 952 2199 esset,
969 2123 1021 2175 an
1040 2094 1262 2203 disciplinae
1279 2093 1481 2175 naturales
1501 2120 1589 2173 om-

220 2214 347 2295 uibus
364 2218 519 2297 artibus
531 2217 792 2323 praesideant?
812 2246 865 2296 nn
876 2218 960 2295 haec
972 2218 1104 2311 studio
1121 2234 1262 2321 regunt
1272 2234 1316 2295 et
1327 2214 1591 2295 moderentur

218 2364 312 2417 non
329 2336 462 2417 solum
474 2354 577 2417 artes
591 2334 840 2416 mechanicos
853 2336 924 2415 sod
943 2355 1071 2417 artem
1089 2330 1254 2446 qnoque
1270 2336 1491 2437 architecti,
1506 2357 1593 2416 mu·

220 2458 296 2539 sici
315 2474 359 2537 et
378 2460 560 2565 pictoris,
582 2462 712 2565 poetae
733 2476 775 2537 et
799 2460 996 2581 oratoris?

275 2665 337 2745 De
350 2663 496 2743 eximia
510 2679 551 2742 et
563 2660 729 2744 mirifico
743 2660 1013 2771 percipiendae
1031 2689 1079 2744 ex
1090 2661 1154 2742 his
1170 2660 1396 2769 disciplinis
1405 2636 1589 2745 utilititis

221 2780 407 2867 ubertate
422 2797 464 2863 et
476 2784 756 2891 magnitudine
770 2786 977 2866 convictus
994 2785 1269 2865 serenissimus
1277 2784 1498 2864 Britanniae
1510 2812 1587 2870 rex

217 2896 393 2988 Carolus
407 2906 463 3009 11,
476 2928 581 2985 anno
573 2906 840 3019 sexagesimo
854 2907 986 2985 saeculi
1002 2906 1148 2983 docimi
1142 2906 1339 3035 septimi,
1355 2906 1441 2979 suis
1451 2904 1586 3009 auspi-

218 3026 294 3103 ciis
322 3024 374 3099 ad
400 2962 486 3099 ιΙΙιιιι
512 3001 766 3119 excolendas,
785 3034 826 3097 et
849 3018 1146 3123 divulgandus
1134 3019 1308 3119 trudunt
1334 3022 1586 3124 societatem,
1676 3121 1679 3124 ¹

217 3169 314 3255 quae
338 3138 619 3229 hodiernum
606 3166 652 3217 111
677 3138 788 3219 diem
812 3138 930 3219 floret
950 3166 1110 3239 summo
1133 3155 1216 3219 tour
1234 3140 1362 3246 ipsius
1380 3145 1585 3245 scientiae,

217 3292 344 3405 guam
360 3263 572 3343 Britanniae
588 3258 873 3339 emolumento.
897 3260 1090 3365 insigne
1080 3262 1308 3354 institutum
1326 3264 1413 3341 sine
1431 3284 1587 3348 cunda

217 3390 334 3467 tione
346 3383 490 3463 imitati
507 3398 602 3461 sunt
617 3382 788 3459 oliorum
808 3380 1020 3461 nationum
1041 3379 1323 3464 moderatores
1339 3385 1586 3524 perspicacis·

215 3510 336 3625 simi,
357 3523 399 3587 ct
423 3489 562 3587 omnes
587 3500 873 3609 perfectissime
897 3498 1186 3607 collegerunt
1173 3505 1333 3640 ingenia
1364 3530 1584 3641 enquem,

119 3628 123 3636 ’
217 3631 419 3741 sugerunt
430 3641 472 3705 et
481 3622 766 3733 impulerunt
746 3620 962 3707 utassrdua
969 3639 1011 3702 et
1020 3645 1227 3710 communi
1246 3649 1343 3703 curo
1357 3626 1583 3711 niterentur
1697 3650 1700 3655 ·

214 3729 408 3867 indagare
428 3763 547 3857 atque
568 3743 755 3852 evulgare
774 3759 879 3827 tecta
896 3761 938 3824 et
954 3746 1147 3853 interiore
1165 3760 1320 3825 naturae
1337 3764 1500 3841 secreto.

221 3937 407 4017 isthaec
428 3933 709 4033 comitasint,
730 3948 908 4028 nonest,
931 3929 1044 4042 quod
1064 3900 1259 4011 miremur
1280 3934 1313 4011 si
1333 3929 1439 4023 iuter
1452 3896 1580 4017 urbes

216 4057 433 4166 populosas
444 4054 580 4164 plures
593 4080 730 4133 curam
742 4046 1002 4153 contulerint,
1014 4068 1061 4131 ut
1073 4051 1206 4133 abdita
1218 4042 1370 4132 naturae
1381 4072 1421 4132 et
1433 4059 1579 4137 artium

218 4203 366 4277 arcana
384 4173 826 4283 publicerecluda'utur
847 4173 1060 4283 cujuslibet
1085 4174 1239 4257 ordinis
1267 4176 1442 4280 civibus,
1463 4183 1576 4261 omni

218 4303 341 4379 etiam
360 4294 494 4403 opifici
511 4311 553 4371 ct
568 4294 727 4392 artifici3
749 4292 819 4375 sed
837 4288 1092 4377 mirabuntur
1108 4300 1276 4405 posteri,
1294 4298 1438 4379 harum
1458 4300 1576 4380 disci-

218 4421 423 4527 plinarum
445 4441 530 4495 non
549 4412 741 4521 majorem
759 4414 839 4496 huc
861 4443 991 4529 usque
1011 4416 1130 4535 fuisse
1154 4440 1300 4503 curam.
1312 4423 1356 4500 in
1378 4423 1575 4523 universi·

1347 4567 1381 4613 2.
