4517 5867
692 726 1030 822 ιιιιιιιιιιιιο
1052 724 1266 797 ιιιιιιιι
1628 715 1652 794 ι
1721 697 1730 709 '

285 908 384 989 In
403 908 546 1010 altero,
571 905 814 1018 quolitstes
803 930 848 985 ιιι
873 931 950 986 nos
966 905 1088 987 utiles
1117 920 1159 986 ct
1179 904 1312 987 noxie)
1339 896 1650 1010 deprehendun-

283 1045 369 1135 tur,
392 1047 435 1113 et
454 1029 686 1111 decernitur
703 1056 803 1110 num
820 1028 1103 1111 emolumentis
1126 1027 1276 1108 nostris
1284 1022 1556 1140 respondeant
1574 1048 1650 1103 nec

283 1178 356 1254 ne,
378 1152 507 1235 dein
495 1170 551 1233 ιιι
572 1178 615 1233 ιι
639 1154 744 1259 gerit
761 1151 902 1251 enimn
921 1166 968 1231 nt
995 1176 1086 1259 qum
1107 1150 1151 1228 in
1180 1146 1379 1231 beneficio
1416 1175 1492 1229 suo
1525 1161 1653 1253 egunt

286 1290 463 1383 appetat,
491 1297 581 1383 quse
611 1289 746 1383 autem
774 1274 818 1353 in
840 1271 1009 1379 damno,
1035 1286 1215 1381 ιιιιιιιι
1241 1296 1264 1347 a
1293 1295 1337 1348 se
1358 1250 1527 1347 studeat.

332 1412 445 1491 Inter
463 1408 705 1519 multiplices
728 1438 830 1521 quae,
847 1411 990 1489 animae
1021 1407 1248 1515 infiguntur
1277 1404 1583 1514 impressiones,
1613 1406 1650 1484 si

277 1528 330 1611 od
361 1530 611 1613 intellectum
648 1548 831 1640 spectent
865 1527 1180 1633 tantummodo,
1208 1531 1291 1633 sit,
1325 1554 1361 1606 r.
1393 1555 1453 1632 g.,
1471 1528 1652 1635 cognitio

276 1652 444 1762 alicujus
469 1652 579 1755 facti,
608 1652 792 1734 studium
822 1654 881 1734 rei
902 1680 995 1763 quae
1013 1650 1319 1732 meditationem
1333 1651 1464 1758 poscit
1481 1668 1529 1729 ut
1555 1678 1652 1759 pro-

277 1775 412 1856 blema
436 1772 782 1877 mathematicum,
811 1792 994 1882 aspectus
1021 1772 1152 1873 domi,
1175 1774 1309 1853 anima
1329 1772 1565 1852 indifferens
1593 1788 1654 1852 est

276 1923 353 1981 nec
379 1911 593 1995 movetur,
615 1895 687 1971 sed
706 1894 807 1973 dum
826 1894 948 1976 simul
968 1893 1110 1975 relatio
1128 1893 1304 1973 habetur
1322 1895 1429 1973 inter
1448 1893 1654 2000 objectum

280 2031 321 2096 et
346 2040 562 2125 personum
595 2038 688 2123 quae
721 2011 823 2091 illud
853 2014 1045 2120 percipit,
1075 2013 1120 2094 id
1155 2030 1216 2092 est
1236 2041 1247 2091 ι
1266 2011 1302 2093 si
1338 2011 1546 2120 objectum
1575 2015 1656 2094 hoc

281 2136 558 2220 emolumento
590 2160 666 2215 suo
703 2150 775 2213 aut
805 2130 1051 2215 detrimento
1070 2134 1187 2241 *quid
1224 2132 1409 2213 conferre
1442 2146 1561 2241 posse
1588 2134 1656 2242 ju·

282 2256 409 2362 dicet,
432 2254 533 2335 illud
555 2256 600 2335 in
621 2254 829 2335 harmonio
854 2282 939 2335 esse
966 2280 1061 2335 cum
1081 2252 1287 2334 voluntate
1313 2280 1401 2353 sue,
1421 2255 1488 2334 rel
1503 2272 1656 2336 contru-

281 2378 390 2459 rium
408 2376 715 2480 animadvertat,
733 2376 968 2459 sublevatur
985 2378 1129 2478 enims,
1144 2376 1199 2455 in
1203 2373 1391 2457 mmdem
1408 2376 1543 2459 ideam
1561 2404 1653 2487 spe·

283 2500 435 2581 cialiter
450 2502 664 2607 arripitur,
687 2527 777 2610 quae
798 2500 886 2580 sine
906 2517 1055 2580 conatu
1077 2500 1280 2579 removeri
1299 2500 1463 2612 nequit,
1484 2499 1654 2611 aliisque

278 2602 594 2722 minationibus,
613 2621 706 2702 data
724 2624 1070 2735 occasionc,viam
1065 2604 1274 2701 occludit.
1285 2620 1421 2701 Status
1439 2620 1508 2709 ille
1526 2626 1656 2725 ψει-

282 2762 344 2823 tus
372 2744 506 2822 animi
525 2730 701 2820 vocatur.
731 2745 842 2819 Dum
863 2745 1111 2845 pervertitur
1131 2770 1230 2820 vero
1253 2734 1471 2874 judicium,
1492 2740 1655 2823 libertas

280 2862 439 2943 tollitur
460 2878 502 2943 et
518 2859 747 2944 succumbit
760 2862 882 2963 ratio,
900 2858 1029 2935 ιιιιίιιι
1024 2851 1243 2967 'pothema
1262 2878 1336 2933 seu
1352 2859 1492 2968 passui>
1517 2858 1655 2941 adesse
1709 2925 1712 2929 .

286 2980 444 3065 dicitur.

338 3102 575 3184 Differentia
598 3104 722 3183 animi
744 3100 945 3183 adiectum
969 3102 1076 3182 inter
1111 3117 1154 3182 et
1179 3103 1407 3209 passionem
1435 3120 1517 3205 est,
1541 3105 1656 3214 quod

291 3224 336 3301 in
362 3223 429 3303 illa
457 3225 631 3305 sensatio
655 3224 739 3304 sola
756 3222 965 3333 praevalet,
988 3224 1031 3303 in
1053 3221 1133 3301 hoc
1159 3225 1311 3305 reactio
1332 3224 1550 3305 voluntatis
1570 3254 1656 3304 ma·

283 3345 350 3455 jor
370 3361 439 3427 cst.
463 3345 606 3426 Gmdu
630 3343 824 3427 differunt
845 3346 1031 3449 tantum,
1056 3346 1193 3458 itaque
1221 3374 1320 3426 voce
1345 3344 1491 3424 affectu
1511 3362 1553 3424 et
1573 3372 1658 3452 pas·

287 3468 401 3548 sione
420 3470 650 3577 promiscue
663 3485 757 3548 utar
780 3469 824 3547 in
843 3466 918 3547 hac
941 3466 1244 3570 dissertatione,
1267 3462 1478 3545 attendens
1501 3481 1657 3569 tamen,

286 3590 737 3699 passionem-majorem
765 3590 1009 3680 reactionem
1038 3586 1248 3699 involvere
1285 3612 1407 3697 quam
1442 3586 1566 3667 animi
1587 3586 1659 3669 ad-

288 3706 448 3790 lectum.
631 3799 636 3807 ,
1421 3732 1426 3739 ·

341 3852 495 3931 Omnes
512 3853 637 3931 animi
658 3852 837 3933 adfectus
856 3851 997 3933 referri
1020 3864 1192 3959 possunt
1214 3848 1268 3925 nd
1285 3846 1477 3929 dolorem
1491 3849 1581 3939 sire
1605 3851 1660 3932 ad

289 3971 552 4080 voluptatem.
580 3972 653 4054 llle
682 3975 813 4057 oritur
840 3972 940 4053 dum
969 3973 1104 4054 anima
1132 3967 1313 4072 bonum,
1339 3970 1408 4052 vel
1439 3970 1554 4083 quod
1580 3972 1660 4053 sibi

287 4110 451 4197 gratum
472 4110 553 4191 est,
577 4096 769 4198 percipit,
797 4096 880 4171 haec
906 4120 1004 4172 vcro
1033 4092 1137 4172 dum
1159 4091 1337 4197 molum,
1356 4093 1422 4173 rel
1447 4092 1559 4201 quod
1579 4093 1659 4175 sibi
1718 4140 1723 4153 ·

161 4286 165 4295 ,
289 4211 487 4318 displicet
514 4212 619 4289 Boni
649 4211 884 4319 acquirendi
921 4212 1188 4315 desiderium,
1220 4213 1362 4325 illiqne
1389 4240 1432 4295 se
1462 4215 1659 4317 uniendi,

291 4360 491 4425 amorem,
510 4330 611 4411 boni
628 4334 825 4449 possessio
843 4334 1042 4439 gaudium
1063 4338 1226 4416 excitat·
1216 4336 1426 4442 ,fugiendi
1444 4335 1538 4426 meli
1559 4272 1659 4419 desi}

294 4455 453 4537 derium
474 4453 621 4549 odium,
640 4442 748 4535 illius
768 4458 1009 4563 exspectatio
1029 4451 1179 4538 metm
1197 4460 1352 4539 incutit
1369 4450 1545 4545 Praesens
1572 4454 1656 4552 mn·

294 4576 382 4659 lum
399 4602 602 4659 moerorem
625 4578 762 4685 gignit
788 4580 862 4659 Ira
879 4578 986 4660 malo
1006 4606 1049 4662 ιι
1070 4581 1305 4687 opponendi
1323 4575 1569 4663 desiderium
1586 4600 1657 4665 est.
