4517 5867
584 727 588 737 Ι
653 628 899 701 RESPONSIO
924 632 988 701 AD
1010 633 1179 721 QUAEST.
1204 636 1343 703 JURID.
1598 665 1663 735 ¹⁰7

300 852 491 905 vmcounr
511 824 566 930 (t)
586 843 627 904 et
650 826 728 905 alii.
751 830 860 905 Patet
884 826 995 929 hinc,
1016 830 1192 909 actiones
1207 835 1469 938 possessotias
1489 861 1574 913 non
1592 812 1662 915 be-

298 948 395 1029 bere
416 948 628 1052 colonum,
651 949 961 1058 depositarium,
988 952 1350 1033 commodatarium
1373 973 1413 1036 et
1431 956 1600 1053 similes3
1621 957 1664 1036 hi

300 1071 409 1150 enim
434 1098 518 1151 non
542 1072 750 1181 possident
771 1075 906 1151 animo
927 1070 1104 1176 domini,
1130 1094 1293 1157 econtra
1322 1064 1418 1158 sunt
1442 1096 1599 1158 tantum
1621 1083 1664 1157 iu

298 1188 567 1301 possessione,
587 1194 710 1306 idque
734 1199 899 1275 nomine
915 1196 1041 1293 illius,
1060 1224 1183 1304 quem
1202 1198 1293 1275 loco
1312 1198 1468 1277 domini
1490 1201 1663 1294 habent,

175 1392 178 1401 ,
298 1319 412 1396 etsie
434 1344 517 1396 non
534 1318 706 1415 mirum,
724 1316 837 1427 quod
856 1346 939 1396 non
958 1335 1189 1425 competant
1206 1320 1303 1425 ipsis
1323 1322 1499 1397 actiones
1517 1346 1667 1425 posses·

297 1440 426 1537 soriae,
441 1466 532 1544 quae
544 1440 621 1515 nisi
637 1440 950 1545 possessionem,
970 1467 1092 1548 quam
1111 1464 1196 1517 non
1213 1438 1378 1537 habent,
1403 1455 1663 1517 concernunt.

295 1558 447 1666 Estque
466 1558 513 1635 ed
530 1559 703 1655 ratione,
724 1558 838 1666 quod
850 1557 1006 1637 ¹dicitur
1019 1560 1061 1636 in
1081 1577 1151 1637 art.
1169 1559 1267 1666 1768
1285 1558 1385 1638 Cod.
1405 1560 1489 1639 Civ.
1501 1588 1510 1635 :
1523 1560 1560 1637 le
1571 1586 1665 1668 pre-

294 1704 393 1755 ueur
411 1676 511 1755 d’un
533 1679 621 1755 bien
641 1680 755 1758 rural
772 1698 830 1759 est
848 1697 957 1773 tenu,
972 1708 1062 1759 sous
1068 1684 1189 1788 peine
1204 1680 1255 1758 de
1272 1697 1360 1758 tous
1378 1680 1537 1788 clepens,
1552 1680 1664 1758 dom-

294 1828 428 1906 mages
441 1818 480 1877 et
491 1803 662 1892 intdrets,
677 1800 864 1879 d'avertir
882 1802 1194 1910 leproprie'taire
1213 1801 1281 1880 des
1301 1806 1566 1910 usurpations,
1593 1806 1666 1908 'qur'

288 1940 460 2028 pcuvent
478 1926 557 2001 etro
576 1926 779 2001 commires
801 1952 871 2002 sur
891 1925 927 2001 le
941 1923 1074 2023 fonds.
1098 1923 1210 2001 Nihil
1229 1924 1362 2001 obstat
1378 1940 1534 2024 tamen,
1558 1950 1663 2033 quo·

293 2045 426 2121 miuus
449 2043 583 2122 coloni
600 2062 641 2122 et
659 2044 742 2145 alii,
759 2047 830 2149 qui
850 2072 933 2122 non
953 2044 1164 2149 possident
1179 2045 1315 2121 animo
1335 2041 1513 2135 domini,
1530 2047 1663 2119 inten-

295 2163 393 2240 dant
408 2166 620 2258 ¹actionem
648 2163 699 2242 ad
726 2162 1027 2241 resarcitionem
1043 2160 1188 2273 ‘damni
1220 2161 1348 2242 fundo
1375 2164 1572 2241 fructibus
1598 2164 1663 2241 vel

293 2310 436 2363 eorum
457 2287 706 2392 perceptioni
728 2285 949 2391 impetun,
967 2282 1038 2362 sed
1060 2283 1143 2361 haec
1161 2283 1262 2360 actio
1292 2308 1377 2359 non
1403 2285 1480 2359 erit
1506 2307 1662 2388 posses·

293 2408 420 2502 soria,
440 2434 531 2516 quae
553 2407 630 2486 nisi
650 2406 949 2513 possessoribus
978 2406 1114 2485 animo
1144 2403 1300 2483 domini
1322 2418 1569 2510 competunt.

344 2615 424 2696 Sed
443 2614 614 2725 quidde
634 2614 879 2695 fructuario?
898 2617 963 2693 An
976 2616 1011 2693 is
1024 2613 1164 2694 saltem
1182 2615 1216 2691 si
1231 2612 1378 2691 colono
1399 2629 1440 2689 et
1460 2609 1661 2689 similibus

290 2763 375 2815 non
402 2752 631 2843 competant
654 2740 829 2817 actiones
852 2737 1121 2844 possessorive,
1147 2763 1222 2852 cas
1234 2751 1368 2842 potest
1387 2733 1594 2813 exercere?
1612 2734 1664 2809 Et

292 2855 460 2964 quidem
480 2885 563 2937 non
590 2858 841 2953 dubitemus,
860 2861 961 2962 quin
980 2856 1058 2925 hoc
1078 2857 1362 2923 affirmandum
1377 2855 1449 2941 sit,
1472 2881 1556 2929 non
1577 2854 1666 2957 qui·

272 2976 386 3071 ‚dem
406 2996 590 3079 respectu
617 2976 754 3066 fundi,
779 3000 902 3076 quem
928 2985 1086 3047 tantum
1111 2961 1266 3042 detinet
1288 2964 1454 3043 nomine
1479 2965 1662 3068 domini,

292 3095 364 3175 sed
383 3110 568 3200 respectu
578 3093 641 3171 sui
653 3089 920 3189 ususfructus,
934 3087 1048 3194 cujus
1065 3112 1204 3167 veram
1222 3088 1513 3192 possessionem
1526 3088 1663 3187 habet;

292 3214 471 3322 possidet
488 3214 598 3293 enim
609 3212 849 3291 cumani'mo
864 3207 1019 3289 domini
1038 3235 1109 3287 seu
1120 3206 1239 3287 titulo
1258 3235 1343 3287 non
1352 3211 1663 3316 precario,etex

294 3353 364 3414 art.
380 3334 456 3417 526
472 3334 571 3415 Cod.
583 3335 666 3414 Civ.
683 3331 769 3439 ejus
782 3330 1029 3411 ususfructus
1039 3328 1318 3409 immobilibus
1331 3331 1594 3431 adscribitur,
1608 3334 1663 3407 ita

291 3475 339 3536 ut
349 3457 450 3536 nihil
460 3456 830 3565 obstetquominus
839 3452 1135 3532 usufructuario
1145 3452 1557 3557 competantactiones
1566 3476 1659 3554 pos-

292 3582 479 3657 sessoriae.
497 3577 675 3687 Ideoque
695 3577 813 3655 etiam
826 3574 967 3655 Codex
986 3600 1070 3652 non
1089 3562 1231 3651 defiirit
1247 3572 1291 3647 in
1304 3586 1375 3652 art
1396 3569 1476 3666 814
1487 3585 1661 3677 tempus,

291 3697 396 3776 intra
405 3699 517 3805 quod
530 3698 773 3779 fructuarius
790 3712 951 3775 tenetur
960 3694 1127 3775 domiuo
1138 3693 1378 3781 denuntiare
1397 3691 1557 3792 damna,
1569 3721 1660 3800 quae

292 3819 383 3923 quis
394 3816 563 3924 cjusjuri
574 3821 831 3926 proprietatis
840 3815 1117 3916 attulisset,uti
1126 3814 1223 3893 facit
1233 3815 1276 3889 in
1287 3810 1467 3897 art.1868
1475 3829 1660 3919 respectu

293 3938 441 4038 coloni,
454 3966 532 4019 nec
543 3942 674 4021 utitur
683 3939 817 4019 verbis
829 3941 872 4017 in
881 3937 974 4017 dict
985 3936 1141 4030 artdrd
1151 3962 1162 4012 ε
1171 3933 1226 4011 les
1235 3937 1489 4040 usurpatione
1497 3937 1661 4022 commi·

292 4088 351 4141 ses
361 4090 429 4141 sur
438 4062 616 4162 lefortds,
633 4080 680 4141 ut
691 4064 736 4141 in
746 4077 817 4141 art.
843 4056 960 4163 1768,
979 4055 1050 4139 sed
1064 4054 1181 4135 dicit:
1195 4054 1249 4135 les
1263 4057 1587 4159 atteintesfaites
1598 4081 1657 4132 au

337 4284 386 4372 (1)
408 4286 556 4365 Tomll,
572 4228 644 4373 psg.
658 4282 732 4361 854.
