4517 5867
261 672 647 760 counanrano
670 674 739 747 An
762 668 1109 762 onnsnrouau
1129 667 1466 790 nrrnnsnrsrr.
1503 697 1552 774 79
1619 751 1623 762 ,
1701 661 1704 672 “

185 864 357 975 simplici
383 859 575 940 oratlone
592 854 769 936 militnm
790 852 946 934 animos
967 850 1020 934 ad
1038 850 1255 934 laudabilia
1277 877 1447 964 queque
1472 881 1554 935 sus·

181 984 371 1098 cipienda
387 981 691 1064 inflammarent.
710 979 829 1058 «Dux
854 976 923 1057 ille
945 978 1111 1060 Graeciae
1125 999 1327 1085 nusquam
1350 991 1482 1082 optat,
1507 991 1560 1078 ut

180 1109 314 1218 Aiacis
334 1106 486 1188 similes
507 1104 651 1186 babeat
668 1100 822 1203 decern,
844 1116 886 1180 at
905 1116 952 1180 ut
972 1098 1174 1194 Nestoris3
1197 1095 1309 1208 quod
1341 1098 1376 1180 si
1400 1095 1555 1179 accide-

180 1232 260 1335 rit,
279 1256 363 1312 non
379 1226 538 1311 dubitat
557 1225 658 1335 quin
676 1222 792 1304 brevi
813 1221 934 1332 Troja
955 1223 1008 1304 sit
1026 1224 1235 1331 peritura.»
1258 1219 1353 1334 Cap.
1378 1221 1429 1306 X.
1446 1227 1474 1325 §
1491 1215 1554 1303 31.

449 1424 492 1498 Δΐ
507 1424 568 1519 γὰρ
588 1431 646 1494 Ζεῦ
662 1450 698 1494 τε
715 1424 815 1522 πάτερ
833 1426 886 1494 aul
904 1415 1038 1528 Ᾰθηναίο
1057 1425 1110 1494 καὶ
1130 1406 1294 1492 ᾸοεολλονῙ
1435 1507 1439 1514 ἡ

453 1551 597 1616 Τοιαῦται
616 1539 692 1616 δέκα
711 1574 764 1640 μοι
782 1539 1014 1642 συμφράδμονες
1030 1543 1086 1616 εἷεν
1104 1538 1240 1642 Ᾰχοειῶν·

449 1674 504 1756 Τῷ
522 1693 557 1737 aa
576 1660 649 1762 τάχ’
667 1670 789 1762 ἠμύσειε
805 1669 896 1747 πόλις
913 1671 1062 1764 Πριάμοιο
1080 1663 1231 1750 ἄνακτος,

455 1791 566 1885 Χερσὶν
584 1780 634 1882 ὑφ’
651 1793 829 1886 ἡμετέρῃσιν
853 1791 968 1859 ἁλοῦσά
986 1816 1042 1873 σε,
1063 1790 1229 1886 περθομένη
1247 1815 1283 1858 τε
1305 1775 1376 1885 (Ι).

186 1967 230 2050 8ὶ
246 1993 347 2046 vero
365 1992 489 2046 senex
514 1965 571 2045 ita
595 1966 711 2046 annis
738 1965 816 2045 erit
831 1963 1084 2067 debilitatus,
1110 1981 1159 2046 ut
1185 1991 1238 2045 ne
1254 1966 1364 2045 vocis
1384 1965 1551 2076 quidem

185 2090 381 2168 suavitate
398 2086 555 2165 allicere
566 2111 614 2163 ao
630 2085 827 2167 delectare
843 2086 1051 2168 audientes
1067 2090 1154 2194 ipse
1167 2089 1304 2193 possit,
1318 2091 1462 2194 optimi
1470 2087 1558 2167 ade·

185 2222 288 2287 runt
311 2207 498 2312 juvenes,
522 2205 596 2312 qui
619 2201 705 2308 ejus
723 2208 929 2310 praeceptis
949 2207 1001 2284 ad
1019 2207 1291 2314 eloquentiam
1318 2208 1558 2288 conformati

184 2325 366 2406 libentes
383 2325 604 2404 sustineant
613 2325 721 2402 vices
737 2323 953 2402 venerandi
964 2325 1082 2425 senis,
1099 2325 1213 2431 cujus
1225 2329 1446 2432 praesertim
1462 2345 1554 2408 aetas

188 2465 318 2557 atque
345 2445 557 2524 auctoritas
581 2445 801 2526 maximum
825 2447 998 2524 orationi
1026 2445 1187 2552 pondus
1214 2444 1371 2526 addent.
1393 2480 1413 2524 ι
1438 2449 1549 2530 Facit

188 2592 369 2678 persaepe
403 2567 488 2672 ipsa
520 2564 600 2644 sibi
629 2563 874 2642 audientiam
907 2563 1044 2646 diserti
1074 2567 1180 2644 senis
1210 2583 1341 2646 comta
1371 2581 1413 2647 et
1441 2569 1552 2648 mitis

195 2690 338 2772 oratio.
379 2686 504 2788 Quod
538 2686 573 2765 si
608 2685 773 2795 exsequi
813 2711 1014 2797 nequeas,
1047 2687 1176 2792 possis
1205 2702 1341 2767 tamen
1376 2689 1559 2797 Scipioni

193 2812 417 2922 praecipere
429 2823 470 2884 et
482 2806 641 2884 Laelio.»
656 2807 749 2910 Cap.
768 2834 807 2912 9.
827 2812 855 2901 §
873 2805 935 2884 28.
954 2807 998 2882 si
1017 2809 1109 2910 quis
1124 2835 1223 2882 vero
1241 2809 1292 2883 ad
1312 2833 1400 2883 eam
1417 2835 1561 2913 perve-

197 2934 306 3012 nerit
342 2941 614 3024 senectutem,
644 2940 694 3001 ut
727 2923 953 3029 decrepitus
980 2921 1098 3028 plane
1126 2927 1179 3002 sit
1210 2941 1250 3002 et
1282 2925 1456 3008 caducus
1485 2949 1561 3007 nec

194 3052 368 3160 amplius
397 3075 451 3128 ne
479 3045 638 3126 minimi
670 3040 837 3153 quidem
869 3037 1056 3150 explendi
1086 3045 1265 3124 muneris
1294 3071 1445 3154 capax,
1470 3065 1561 3129 turn

241 3318 291 3413 (1)
314 3315 407 3386 Iliad.
422 3317 467 3384 ΙΙ.
488 3311 653 3404 57ι-5ρ4.
680 3311 733 3379 Ad
749 3309 998 3399 gmmnntium
1014 3311 1118 3399 hujus
1137 3313 1203 3380 loci
1217 3315 1381 3384 rationem
1396 3319 1488 3408 quod
1503 3333 1558 3386 at·-

195 3429 298 3510 linet,
307 3447 388 3491 eum
398 3423 482 3489 bene
492 3420 729 3509 explicuerunt
737 3417 898 3483 Ζσοινείειο
906 3418 948 3482 ad
955 3417 1127 3484 vernon
1137 3420 1186 3486 De
1198 3419 1318 3488 Gmose
1328 3423 1468 3515 Lingua
1478 3423 1563 3492 ldio·

197 3531 308 3598 tismis
326 3551 402 3618 pag.
424 3526 501 3621 505.
519 3548 550 3590 ο.
572 3522 650 3590 504.
669 3545 700 3588 a.
719 3534 753 3588 et
768 3521 986 3588 Hooosvnsrt
1007 3523 1045 3588 in
1066 3524 1218 3591 Doctrin.
1237 3525 1395 3598 Particul.
1415 3531 1560 3602 Graecar.

203 3635 307 3702 Tom·
321 3633 351 3698 1.
363 3653 440 3722 pag.
452 3630 529 3698 556.
542 3639 576 3696 et
588 3627 688 3692 Tom.
700 3626 743 3691 ll.
757 3649 833 3716 pag.
848 3629 945 3717 ¹²57·
959 3627 1115 3696 Alterum
1123 3650 1275 3717 versum,

557 3813 670 3861 Τοιοῦτον
679 3801 745 3859 lua
754 3823 797 3878 μοι
807 3823 867 3861 m.
876 3813 901 3861 λ.

46 3968 48 4051 l
198 3965 343 4033 laudavit
354 3961 455 4031 etiam
467 3959 582 4028 eddom
593 3961 634 4025 de
647 3980 685 4026 re
697 3959 867 4050 dispuuns
879 3959 1115 4028 Psu‘rsncuus
1132 3963 1170 4029 in
1182 3987 1239 4054 ορ.
1253 3965 1308 4034 An
1322 3967 1401 4037 Seni
1418 3967 1498 4038 Ger.
1512 3970 1561 4041 so

48 4084 51 4163 ρ
200 4069 357 4159 Respubl.
370 4090 446 4157 pag.
464 4065 537 4153 789.
548 4065 588 4129 F.
604 4063 703 4131 Tom.
719 4063 777 4132 IV.
792 4089 867 4157 pag.
887 4065 1151 4156 171.Wytlenb.
1163 4069 1500 4146 inmensorum
1512 4077 1562 4147 Do

201 4173 345 4262 Republ.
363 4171 439 4237 Lib.
457 4171 516 4236 ΙΙΙ.
533 4191 606 4257 οορ.
628 4189 681 4234 ra.
704 4169 802 4235 Tom.
823 4172 867 4236 11.
882 4195 959 4262 pag.
981 4171 1059 4238 352.
1078 4174 1199 4240 Duvel·
1220 4175 1342 4272 Tetigit
1362 4179 1475 4246 locum
1491 4183 1561 4256 D1o

202 4275 483 4342 Cnnrsosrouus
499 4273 549 4338 De
566 4271 683 4358 Regno
700 4270 793 4338 Orat.
809 4275 853 4341 Π.
872 4297 947 4364 pag.
967 4295 1025 4343 aa.
1042 4275 1086 4356 D,
1107 4277 1239 4345 Morell.
1258 4281 1357 4350 Tom.
1370 4283 1398 4352 Ι.
1412 4307 1487 4375 pag.
1503 4285 1559 4356 80.

203 4379 316 4448 lleisk.
327 4377 498 4443 tomus
507 4375 546 4440 in
555 4374 733 4442 Declamat.
745 4375 866 4444 xxxl.
876 4399 951 4470 pag.
964 4400 1042 4468 ρεο.
1054 4380 1093 4448 C·
1104 4383 1148 4448 D.
1158 4384 1290 4454 llorell.
1302 4389 1400 4455 Tom.
1414 4391 1472 4459 IV·
1483 4412 1559 4482 pag.

207 4485 283 4550 ⁵22.
296 4481 407 4548 lleisk.
423 4491 456 4548 et
474 4479 667 4548 Droursrus
683 4478 880 4553 llmcam
896 4484 936 4554 in
954 4484 1052 4578 Τέχνρ
1069 4509 1146 4579 pag·
1163 4487 1220 4558 48.
1239 4492 1307 4562 lin.
1323 4492 1380 4564 55.
1396 4507 1429 4564 et
1442 4515 1564 4574 rurrtts

208 4608 282 4682 pag·
295 4583 349 4655 54.
362 4585 427 4652 lin.
441 4608 494 4654 rr.
507 4582 669 4673 Sylburg.
