4517 5867
654 596 676 663 s
972 554 1705 671 annnnsoonsnaaonnaan

708 754 756 857 al
780 772 920 855 Vividi
949 790 1112 855 suntet
1142 774 1277 857 fortes.
1301 776 1365 857 Illi
1393 778 1701 887 impressionem
1729 774 2018 893 aliquamsup

654 913 815 1005 ponum
844 894 1087 996 violentam,
1113 896 1186 980 sed
1207 926 1303 979 mox
1325 916 1649 995 evanescentem
1671 898 1756 979 hac
1779 926 1802 977 a
1826 894 2021 983 'sensibili-

652 1034 734 1099 tate
753 1015 905 1125 pendet
932 1034 979 1097 ut
1006 1019 1051 1097 in
1080 1018 1323 1124 infantibus,
1342 1019 1526 1125 feminis,
1547 1020 1738 1129 subjectis
1761 1022 2021 1107 imitabilium·

660 1138 739 1218 bus
768 1157 809 1219 et
834 1141 907 1249 qui
928 1140 1113 1249 regiones
1130 1138 1312 1221 habitant
1337 1142 1493 1225 calidas.
1523 1144 1578 1223 Hi
1596 1140 1865 1251 profundum,
1887 1168 2021 1249 grave,

654 1260 839 1345 durabile
860 1262 1034 1375 aliquid,
1055 1278 1098 1343 ct
1124 1264 1433 1346 meditationem
1452 1265 1629 1349 validam
1654 1266 1894 1377 requirunt,
1917 1284 1964 1347 ut
1979 1269 2020 1347 in

653 1382 1048 1467 bominibnsminus
1064 1386 1351 1491 sensibilibus,
1378 1390 1503 1471 aetatis
1533 1389 1683 1494 virilis,
1711 1391 2020 1495 temperamenti

648 1505 793 1589 biliosi.

654 1733 658 1741 ,
705 1666 790 1763 (B).
814 1660 965 1763 Quoad
992 1663 1201 1771 originem.

710 1838 753 1897 1⁰
778 1816 1026 1901 Referuntur
1043 1818 1199 1931 objecta
1220 1819 1286 1901 vel
1307 1818 1359 1901 ad
1377 1819 1633 1902 individuum
1650 1822 1888 1928 proprium:
1907 1824 2021 1905 unde

651 1940 838 2045 ambitio,
853 1944 996 2048 fastus,
1010 1940 1199 2047 audacia,
1216 1942 1432 2047 fortitudo,
1461 1938 1669 2045 timiditas,
1693 1941 1877 2047 ignavia,
1896 1945 2021 2023 animi

647 2062 818 2171 abjectio
846 2080 888 2143 et
912 2066 987 2173 qni
1016 2062 1166 2174 reliqui
1195 2081 1292 2145 sunt
1316 2064 1512 2169 adfectus,
1536 2064 1601 2145 vel
1634 2063 1686 2145 ad
1707 2063 1801 2143 alias
1825 2090 2022 2172 personas

646 2186 730 2265 aire
753 2208 818 2264 res
835 2185 1047 2265 animatas:
1072 2183 1183 2265 unde
1205 2186 1426 2296 zelotypia,
1443 2187 1617 2290 invidia,
1648 2186 1892 2292 indignatio,
1917 2213 2023 2267 aver-

645 2304 729 2407 sio,
757 2303 1018 2411 odium,nec
1046 2332 1134 2387 non
1152 2307 1452 2414 benevolentia,
1471 2309 1669 2411 amicitia,
1693 2313 1927 2412 veneratio,
1947 2324 2021 2389 etc.

540 2594 545 2609 ⁶
699 2515 747 2577 2⁰
779 2498 966 2607 Spectato
992 2516 1177 2609 tempore
1206 2504 1357 2612 inquo
1387 2528 1432 2583 se
1457 2500 1681 2584 ostendunt
1708 2497 1882 2606 objectn3
1913 2498 2020 2580 dnm

644 2620 853 2727 praesentia
879 2638 1032 2701 suntet
1058 2640 1191 2728 grata,
1213 2624 1343 2702 oritur
1369 2622 1584 2729 gandium,
1608 2622 1643 2700 si
1661 2621 1818 2723 ingrata
1832 2678 1845 2720 ,
1860 2636 2022 2723 terror,

644 2740 725 2839 ira,
740 2730 933 2817 moestitia
943 2744 1286 2814 mentun-fle
1301 2739 1604 2842 impressiones,
1616 2738 1868 2847 Quidquam
1884 2738 2022 2821 absint

647 2858 821 2968 objecta,
846 2856 937 2966 plus
964 2855 1151 2935 minusve
1173 2852 1246 2935 diu
1268 2857 1313 2935 in
1342 2858 1476 2937 anima
1490 2858 1881 2969 relinquuntur,‘ita
1908 2878 1958 2941 ut
1986 2864 2022 2941 si

648 2996 772 3086 gratae
790 2978 959 3083 fuerint,
976 2976 1109 3059 adbuc
1125 2977 1258 3057 ultima
1273 2977 1466 3058 reddatur
1482 2978 1620 3057 hilaria
1630 3035 1643 3080 ,
1654 2980 1763 3072 laeta3
1780 2982 1816 3055 si
1837 2982 2021 3084 ingratae,

644 3102 852 3201 moestitia,
872 3102 1129 3207 poenitentia,
1155 3100 1298 3181 anima
1314 3126 1485 3207 angores
1511 3096 1757 3179 inferuntur.
1775 3098 1887 3177 Dum
1903 3096 2018 3179 batu-

643 3246 738 3301 rum
762 3218 1031 3326 praevidemus
1061 3238 1278 3326 eventum,
1303 3221 1536 3303 accenditur
1561 3233 1653 3329 s'pes
1680 3236 1751 3300 aut
1771 3226 1925 3323 metus,
1948 3248 2021 3331 pa·

643 3370 720 3425 vor
742 3342 890 3422 amalo
909 3340 1069 3451 jamjam
1102 3344 1350 3449 imminenti,
1382 3343 1608 3454 desperatio
1629 3372 1655 3423 a
1684 3348 1846 3423 s‘nmmo
1874 3340 2018 3425 dolore

644 3467 711 3546 cui
741 3464 901 3547 nullum
920 3466 1095 3575 amplius
1124 3470 1278 3577 opponi
1304 3484 1439 3576 potest
1464 3467 1703 3549 remedium.
1729 3521 1732 3529 ,

699 3674 770 3777 (C)
795 3674 945 3781 Quoad
968 3678 1168 3759 actionem
1189 3676 1356 3759 illorum
1377 3678 1423 3759 in
1447 3703 1596 3787 corpus
1613 3678 1847 3758 humanum

702 3884 744 3945 1⁰
775 3866 981 3969 Quislibct
1000 3867 1126 3950 animi
1150 3867 1383 3953 adfectuum
1405 3870 1605 3979 proditae
1628 3894 1701 3977 per
1723 3868 1838 3973 signa
1865 3865 2015 3973 specie·

584 4017 595 4032 ·
643 3988 721 4094 lia,
744 3988 789 4068 in
807 3986 929 4093 facie,
947 3990 1093 4094 oculis,
1113 4006 1205 4094 etc,
1229 3991 1518 4095 observabilia,
1532 4018 1621 4103 quae
1633 3988 1726 4070 illos
1747 3984 1886 4067 adesse
1903 3986 2010 4065 indi·

644 4130 738 4205 cant
763 4110 873 4193 etde
896 4110 1047 4221 quibus
1066 4112 1163 4193 alibi
1190 4140 1322 4219 sermo
1351 4116 1438 4193 erit.

567 4390 571 4397 ⁴
697 4314 744 4379 2⁰
771 4304 925 4385 Omnes
952 4300 1199 4410 peculiarem
1225 4329 1390 4386 sensnm
1415 4284 1659 4413 imprimunt
1683 4302 1729 4381 in
1760 4299 2012 4411 precordiis,

644 4416 758 4527 ‚cujas
783 4426 951 4507 varietas
980 4421 1032 4503 ad
1053 4420 1257 4527 duplicem
1284 4422 1425 4509 reduci
1453 4440 1587 4535 potest
1617 4423 1817 4533 speciem,
1834 4420 1886 4505 ad
1918 4448 2009 4527 gra·
