4517 5867
378 550 767 652 COMMENTATIO
793 549 860 645 AD
882 552 1234 642 QUAESTIONEM
1258 553 1590 626 ttrssrttrtttrt.
1612 552 1672 640 ,65

298 729 516 814 ¹bonorum
533 733 682 814 civium
699 734 991 841 propugnatio,
1010 733 1105 812 huic
1124 733 1328 812 malorum
1348 735 1546 815 accusatio
1572 751 1672 842 prae-

301 856 434 959 posita
460 873 547 957 est,
579 855 675 935 huic
703 855 855 936 invidia
883 873 924 936 et
954 856 1155 936 aemulatio
1175 881 1207 934 ·a
1239 855 1358 934 bonis
1382 857 1615 953 imminent,
1648 885 1673 936 a

299 975 417 1055 malis
449 976 628 1084 pericula
652 993 695 1056 et
722 973 866 1056 insidia
897 976 1200 1057 intenduntur:
1227 993 1317 1056 aetas
1334 977 1669 1084 ¹nunquam·sibi

300 1097 381 1203 ipsi
407 1115 467 1177 est
487 1115 647 1208 pacata:
672 1125 829 1206 semper
854 1097 1069 1199 laboriosa,
1089 1125 1249 1206 semper
1276 1099 1393 1178 anxia
1414 1113 1455 1176 et
1481 1095 1669 1195 sollicita,

300 1246 394 1328 quat
423 1221 458 1304 si
489 1248 574 1299 non
611 1219 768 1330 aliquos
805 1219 1011 1300 interdum
1046 1220 1112 1300 rel
1144 1220 1325 1308 utilitatis
1357 1218 1422 1298 vel
1453 1217 1672 1325 voluptatis

296 1338 453 1421 fructus
474 1369 524 1420 ex
544 1339 704 1420 assiduo
732 1339 869 1426 labore
895 1344 1136 1452 perciperet,
1156 1367 1211 1420 ¹se
1240 1343 1368 1449 ipsam
1394 1338 1579 1447 profecto
1604 1365 1670 1417 re-

293 1483 391 1563 gere
410 1487 456 1540 ae
476 1462 583 1540 tueri
609 1488 696 1542 non
712 1479 848 1578 posset
861 1465 927 1569 (r).
950 1462 1031 1549 Sed
1053 1480 1100 1544 ut
1123 1479 1372 1544 revertamur
1394 1458 1504 1540 unde
1527 1487 1667 1540 sumus

295 1577 482 1686 digressi,
502 1587 691 1670 senectuti
709 1586 920 1669 maturitas
941 1585 1125 1696 quaedam
1147 1585 1387 1680 neutralisa
1409 1583 1564 1665 Catone
1593 1585 1667 1660 tri·

292 1701 463 1791 buitur:
487 1733 570 1816 qua
598 1708 644 1784 in
672 1733 717 1786 re
746 1735 831 1788 non
859 1726 920 1788 est
950 1706 1259 1818 vituperandus;
1291 1708 1443 1818 quippe
1470 1707 1543 1815 qui
1578 1705 1664 1810 ipse

264 1847 415 1933 'senex
439 1828 657 1914 senectutis
673 1827 811 1909 laudes
832 1828 1029 1938 praedicet.
1053 1829 1134 1912 Sed
1161 1831 1370 1910 maturitas
1390 1853 1475 1906 non
1502 1824 1663 1924 tralatu,

289 1963 335 2024 at
350 1949 518 2056 proprii
534 1948 826 2056 significatione
844 1952 993 2035 dieitur
1006 1950 1057 2032 de
1070 1969 1188 2032 terrae
1206 1947 1416 2051 fructibus,
1435 1948 1507 2056 qui
1525 1973 1660 2056 neque

260 2162 263 2171 1
285 2067 407 2150 crudi
426 2095 561 2178 nequo
578 2071 720 2156 caduci
742 2085 876 2178 neque
899 2074 1073 2166 nimitun
1097 2074 1202 2156 cocti
1223 2087 1346 2152 sunt:
1372 2066 1662 2178 quae—quidem

286 2192 508 2270 maturitas·
518 2191 704 2273 autumni
722 2194 944 2297 praesertim
961 2209 1152 2298 tempore
1165 2191 1354 2286 babetur,
1371 2189 1539 2268 minime
1559 2214 1658 2268 vero

289 2307 443 2411 rueme,
462 2310 528 2392 oui
547 2308 725 2390 naturale
750 2326 811 2390 est
831 2309 979 2416 frigus:
1007 2311 1121 2420 quod
1142 2314 1275 2418 ipsum
1297 2308 1463 2392 senibus
1483 2309 1657 2394 maxime

255 2515 260 2530 ,
283 2431 507 2514 convenire
533 2431 734 2510 existimat
752 2433 1098 2537 Amsrorstrs(2).
1117 2432 1162 2522 Si
1190 2431 1324 2540 itaque
1356 2445 1544 2538 quatuor.
1562 2431 1659 2514 anni

282 2546 542 2656 tempestates
563 2575 658 2630 cum
686 2565 861 2660 quatuor
887 2554 980 2631 vitae
993 2549 1186 2631 ¹aetatibus
1214 2575 1511 2656 comparamus,
1533 2565 1659 2656 prout

284 2695 355 2756 eas
373 2687 584 2754 enumerat
602 2671 722 2773 Cato,
742 2681 961 2762 autumnus
974 2673 1172 2752 senectuti
1193 2670 1457 2768 concedetum
1474 2669 1539 2758 eui
1558 2695 1657 2748 vero

282 2792 514 2897 ‚tempestati
539 2791 669 2870 hiems
697 2794 750 2869 sit
780 2793 1118 2873 accommodanda
1144 2793 1264 2897 plane
1293 2790 1548 2895 ignorabitur
1582 2787 1661 2895 (3).
1694 2869 1698 2874 ,

283 2909 368 2997 Sed
391 2913 431 2993 si
456 2913 565 3020 aequi
582 2909 771 2994 volumus
788 2940 873 2996 esse
888 2939 1033 2997 rerum
1054 2911 1366 3006 existimatores,
1391 2935 1658 3017 quaecumque

282 3030 353 3117 hio
380 3031 480 3120 Cato
502 3031 663 3115 dissent
684 3057 729 3111 oa
758 3033 910 3139 optime
929 3032 1036 3112 inter
1057 3057 1099 3112 se
1126 3057 1348 3137 congruere
1372 3029 1654 3134 intelligemus.

282 3155 488 3262 Loquitur
513 3153 628 3238 enim
643 3152 711 3232 ille
741 3149 792 3231 de
813 3153 917 3234 sicet
946 3169 1068 3261 atque
1094 3149 1214 3236 viridi
1237 3151 1305 3230 illa
1332 3166 1534 3232 senectute
1561 3177 1653 3261 quae

284 3274 471 3356 nondum
489 3274 705 3381 pristinum
725 3273 909 3380 corporis
927 3289 969 3352 et
986 3273 1110 3351 animi
1130 3271 1257 3350 robur
1275 3273 1442 3354 omnino
1463 3273 1653 3372 amiserit,

283 3423 430 3489 verum
452 3397 573 3482 etiam
588 3394 817 3482 ,namralem
837 3392 1055 3511 quamdam
1073 3395 1363 3496 maturitatem,
1388 3420 1477 3502 quae
1498 3391 1652 3476 fructus

227 3621 231 3628 ⁵
329 3676 376 3765 (t)
400 3674 539 3744 como
561 3674 726 3744 oseae
741 3675 842 3743 rom.
856 3674 1003 3766 rapsg.
1016 3631 1093 3742 5²32.
1108 3673 1331 3764 aarum.

284 3910 290 3921 ,
328 3828 377 3920 (a)
399 3829 569 3917 Rhetoric.
582 3829 658 3896 Lib.
672 3828 716 3894 11.
732 3850 805 3918 cup·
823 3827 877 3896 15·
891 3851 967 3919 pag.
983 3829 1058 3896 565.
1073 3827 1114 3901 A.

325 3981 374 4068 (a)
395 3932 607 4071 ryaagom
628 3981 766 4069 quidem
784 3981 943 4046 enectus
960 3967 1109 4047 hiemem
1132 3979 1401 4046 accommodavit.
1430 3978 1469 4044 at
1490 3980 1522 4049 aa
1543 3980 1649 4064 aava.

280 4085 353 4171 πρὸς
370 4086 422 4162 τὰς
443 4087 522 4174 ὥρας
542 4077 597 4152 ὦδε
612 4088 777 4174 σύμμετροι·
795 4097 883 4169 παῖς,
902 4085 967 4174 ἔαρξ
991 4089 1154 4167 venabere,
1175 4086 1361 4173 φθινόπωρον
1386 4088 1508 4174 γέρων,
1532 4093 1649 4174 χειμών,
1796 4072 1800 4078 ⁴

279 4187 366 4253 Sunt
384 4201 495 4255 autem
514 4200 622 4254 aetates
638 4190 719 4256 anni
735 4191 947 4280 temporibus
960 4190 1229 4272 accommodata,
1242 4189 1311 4254 reri
1329 4209 1433 4276 puer,
1449 4192 1549 4265 aestati
1564 4192 1646 4258 ado-

279 4295 421 4376 lescens,
434 4305 599 4359 autumno
612 4293 742 4377 juvenis
756 4295 813 4382 (in
827 4295 918 4361 rirssi
928 4293 1037 4381 aetate)
1052 4306 1085 4358 et
1095 4292 1199 4358 hiemi
1209 4314 1323 4359 senex.
1338 4293 1517 4359 Dlourtruts
1532 4293 1645 4360 battu-

277 4419 360 4466 τωο
373 4399 449 4466 Lib.
463 4397 553 4465 vul.
570 4419 673 4488 segm.
691 4417 745 4464 ιο.
758 4398 874 4488 ibique
888 4400 1202 4468 moosmuotrus.
1527 4405 1530 4412 '

467 4505 531 4574 111.
1480 4527 1505 4595 9
