4517 5867
984 595 1130 670 Putat
1153 595 1247 666 JOS.
1272 593 1376 668 VAN
1401 593 1632 668 nenton
1707 627 1709 638 ¹

1179 845 1212 978 ᾗ
1251 837 1440 942 anu.

687 1131 894 1234 Quoniam
909 1149 1044 1214 autem
1062 1131 1150 1212 fieri
1168 1133 1236 1212 vix
1253 1149 1410 1241 poterat
1429 1149 1491 1235 ut,
1508 1130 1620 1243 quod
1644 1130 1762 1212 initio
1779 1130 1991 1212 affirmave-

635 1268 716 1351 rat,
732 1255 899 1334 Senilem
914 1271 1078 1333 (etatem
1097 1281 1238 1362 corpur
1257 1284 1335 1334 non
1356 1253 1515 1334 reddere
1538 1255 1747 1359 infimius,
1774 1252 1917 1332 validis
1937 1279 2000 1331 ar-

635 1377 838 1480 gumentis
851 1366 1159 1472 demonstraret,
1181 1377 1225 1454 in
1241 1403 1291 1456 eo
1311 1403 1354 1456 se
1372 1378 1573 1456 continuit
1589 1391 1636 1456 ut
1648 1355 2001 1457 dooerettetiamsi

633 1496 716 1602 jam
734 1493 945 1602 paululum
963 1494 1177 1576 infractum
1190 1497 1242 1577 sit
1256 1523 1402 1604 corpus
1416 1523 1490 1576 nec
1503 1496 1644 1577 eadem
1661 1495 1833 1604 amplius
1847 1495 2004 1575 efficere

635 1618 795 1724 possint
811 1643 928 1698 senes
950 1644 1043 1728 quae
1061 1617 1244 1724 juvenes,
1263 1618 1337 1726 qui
1368 1615 1538 1698 florente
1565 1631 1678 1699 aetate
1705 1619 1803 1698 viris
1824 1618 2006 1697 maximis

636 1735 844 1836 fruentum
875 1737 987 1820 tacite
1014 1756 1150 1820 tamen
1180 1767 1250 1820 eos
1279 1739 1435 1844 viribus
1461 1741 1547 1821 istis
1576 1738 1822 1848 juvenilibus
1851 1765 2005 1836 carere;

635 1885 767 1968 quum
789 1860 866 1940 alia
891 1861 972 1941 sint
997 1861 1159 1970 majoris
1185 1865 1400 1965 momenti,
1423 1890 1514 1971 quae
1538 1865 1653 1972 'ips'os
1674 1888 1813 1942 curare
1833 1863 2004 1944 mammo

638 1983 883 2062 conveniret.
902 1983 1021 2064 Unde
1037 1982 1118 2091 jam
1132 2001 1314 2094 apparet,
1331 1982 1441 2064 idem
1453 1984 1571 2064 illum
1584 1985 1711 2090 egisse
1728 1983 1772 2063 in
1791 1983 2005 2090 posteriori

452 2095 456 2104 “
589 2121 596 2130 ’
636 2101 707 2182 illt
723 2104 873 2184 'caussis
904 2102 1101 2184 indirecte
1134 2105 1402 2186 concutiendt
1435 2104 1548 2214 quod
1580 2104 1731 2186 directe
1765 2101 1931 2214 quidem
1944 2121 1948 2131 ·
1963 2101 2008 2179 in

637 2221 769 2330 priori
788 2225 999 2329 peregerit.
1024 2227 1131 2304 Nam
1154 2227 1198 2304 in
1221 2242 1393 2334 utraque
1413 2224 1826 2334 disputationis'parte
1845 2222 2013 2330 exponit
2105 2299 2109 2313 ⁴

639 2343 945 2424 exercitationes
969 2371 1075 2454 quae,
1104 2371 1199 2424 cum
1220 2344 1309 2451 sine
1333 2347 1490 2450 magnis
1512 2347 1693 2454 corporis
1714 2344 1870 2426 viribus
1894 2359 2011 2452 pera·

637 2480 805 2569 gantur,
822 2491 989 2573 prorsus
1005 2464 1165 2544 idoneae
1181 2469 1262 2546 sint
1282 2483 1323 2544 et
1341 2465 1650 2546 accommodatae
1675 2465 1796 2546 bonis
1821 2465 2013 2546 honestis·

640 2611 724 2694 que
751 2585 926 2666 senibus·
958 2587 1097 2692 Ipsum
1127 2610 1225 2666 vero
1250 2586 1463 2694 utriusque
1490 2587 1615 2692 partis
1636 2599 1922 2692 argumentum
1948 2584 2014 2666 di-

640 2733 805 2791 versum
836 2722 905 2785 est.
944 2707 1013 2786 Uti
1051 2707 1163 2786 enim
1189 2705 1311 2790 altera
1338 2707 1382 2785 in
1408 2733 1459 2784 eo
1490 2707 1724 2810 praesertim·
1742 2721 1943 2806 versatim,
1966 2721 2014 2785 ut

641 2825 941 2926 demonstretur
969 2851 1056 2902 non
1083 2826 1256 2927 impares
1277 2848 1362 2902 esse
1385 2848 1500 2902 senes
1526 2821 1851 2904 administrandae
1874 2825 2012 2934 reipu-

642 2946 760 3028 blioro
775 2971 865 3039 nec,
885 2939 1010 3022 modo
1028 2966 1071 3019 se
1088 2941 1519 3042 exerceant,memorit
1538 2967 1608 3022 eos
1621 2942 1805 3024 vacillare
1819 2961 1860 3026 et
1874 2946 2010 3055 inepte

643 3070 698 3148 iis
716 3061 929 3172 exprobari
947 3060 1043 3139 alias
1062 3055 1258 3168 quasdam
1277 3062 1402 3138 aetatis
1418 3061 1733 3157 imbecillitatem
1758 3067 1873 3145 sicin
1890 3066 2012 3148 altera
2033 3097 2040 3106 ·
2124 3089 2126 3094 ’

647 3189 728 3272 hoc
740 3184 959 3294 praesertim
969 3182 1117 3288 agitur,
1130 3198 1178 3261 ut
1194 3177 1392 3290 probetur
1405 3205 1500 3260 snos
1513 3201 1719 3290 quamque
1732 3199 1884 3266 entem
1896 3185 2012 3268 habe·

647 3335 694 3393 re
711 3333 844 3388 mores
860 3322 902 3387 et
918 3331 1012 3385 suas
1028 3303 1126 3383 item
1140 3305 1404 3412 propriasque
1421 3305 1544 3401 vires,
1562 3302 1714 3413 quibus
1729 3306 1881 3388 etiamsi
1895 3335 2011 3391 senes

647 3430 872 3535 indigeant,
894 3427 970 3506 alia
990 3427 1089 3532 ipsis
1105 3451 1191 3506 esse
1214 3425 1370 3532 agenda
1395 3453 1486 3536 quae
1509 3449 1679 3532 magnos
1702 3431 1890 3536 corporis
1906 3435 2012 3514 vires

646 3579 735 3636 non
751 3548 973 3632 admodum
991 3547 1233 3650 desiderent,
1253 3549 1497 3658 penitusque
1516 3549 1626 3657 ipsos
1642 3573 1728 3630 esse
1746 3566 1862 3658 aptos
1878 3553 1931 3634 ad
1948 3556 2011 3636 in·

647 3670 895 3760 stitnendam
940 3669 1244 3778 docendumque
1284 3669 1565 3778 juventutem:
1602 3669 1748 3758 deinde
1784 3677 2014 3756 orationem

646 3822 818 3908 quoqne
837 3817 999 3894 senum,
1019 3791 1223 3905 siquidem
1249 3789 1389 3873 diserti
1410 3793 1506 3891 sint,
1520 3808 1701 3874 ¹comtum
1721 3817 1807 3874 esee
1828 3821 1945 3902 posse
1968 3815 2012 3880 et

650 3915 824 3999 lenitatis
842 3913 1060 4025 aliquidne
1077 3913 1280 3994 suavitatis
1297 3913 1464 4012 habere
1481 3941 1527 3996 ac
1543 3931 1761 4024 postremo,
1782 3913 1877 3997 licet
1891 3919 2013 4000 multi

650 4038 787 4122 manci
809 4054 929 4148 atquc
953 4053 1065 4118 aetate
1082 4033 1253 4116 confecti
1269 4037 1357 4116 sint·
1368 4059 1500 4139 senes,
1517 4037 1694 4119 remedia
1709 4053 1844 4118 tamen
1861 4041 2013 4148 optima

651 4177 806 4243 exstare
839 4158 990 4270 quibm
1019 4159 1102 4239 haec
1130 4159 1254 4254 etatis
1286 4159 1384 4239 vitia
1407 4157 1662 4270 aliquantum
1683 4161 1886 4267 imminui,
1911 4165 2012 4271 quin

564 4377 568 4389 ,
649 4283 780 4362 immo
803 4277 1010 4362 interdum
1033 4279 1122 4359 tolli
1139 4281 1301 4388 penitus
1323 4281 1498 4388 possint;
1520 4285 1611 4392 quae
1633 4283 1789 4389 singula
1805 4311 1882 4394 pro
1899 4286 2009 4368 insti·
2106 4266 2109 4275 ¹

654 4419 743 4486 tuto
759 4419 899 4487 nostro
920 4417 1100 4484 accurate
1118 4401 1306 4511 deinceps
1327 4403 1516 4513 persequi
1535 4405 1783 4488 conabimur.
