4517 5867
639 587 684 657 8²
988 594 1133 668 PETRI
1157 595 1249 664 tos
1275 592 1380 666 VAN
1403 591 1503 662 DEll
1526 595 1633 664 TON

631 765 871 868 senesiacti,
890 770 1001 851 nulli
1020 773 1188 854 omnino
1205 773 1414 870 alacritate,
1432 770 1543 852 nulli
1558 773 1705 850 virtute
1725 771 1901 878 praediti,
1916 769 1988 852 sed
2011 765 2013 770 ’

633 889 748 997 quasi
770 915 928 1000 semper
950 897 1195 979 somniantes
1223 897 1367 978 misere
1393 893 1592 1004 reliquam
1618 893 1739 974 vitam
1762 893 1993 992 traducent,

1160 1097 1464 1238 strom.

677 1299 763 1378 Etsi
785 1317 919 1380 autem
943 1302 1127 1384 homines
1149 1331 1224 1413 per
1254 1321 1386 1386 totum
1415 1305 1507 1385 vitae
1533 1319 1692 1411 tempus
1719 1313 1990 1408 temperanter

637 1433 679 1494 ct
692 1444 753 1496 ex
778 1435 930 1500 naturae
955 1422 1112 1528 legibus
1143 1427 1340 1526 vixerint,
1368 1426 1573 1508 interdum
1598 1443 1736 1505 tamen
1765 1419 1915 1500 accidit
1941 1439 1991 1502 ut

621 1539 832 1638 nonnulli,
861 1545 960 1623 vitio
990 1546 1168 1655 quodam
1193 1548 1368 1628 naturali·
1392 1546 1637 1647 laborantes,
1662 1546 1706 1623 in
1730 1541 1848 1622 senili
1873 1558 1986 1622 aetate

621 1660 785 1762 penitus
804 1662 996 1746 imbecilli
1018 1685 1138 1780 atque
1157 1668 1310 1754 debiles
1333 1669 1439 1751 fiant.
1465 1673 1548 1750 «At
1570 1673 1625 1748 ita
1649 1666 1766 1746 multi
1790 1680 1885 1744 sunt
1908 1667 1984 1743 im-

617 1776 904 1888 becittisenes,
926 1805 973 1870 ut
996 1790 1156 1871 nullum
1183 1791 1321 1895 officii,
1347 1809 1418 1873 aut
1440 1794 1606 1873 omnino
1629 1791 1720 1869 vitm
1743 1813 1891 1867 munus
1915 1813 1984 1867 ex-

620 1904 742 2009 sequi
762 1910 964 2012 possint»
988 1911 1081 2020 Cup.
1112 1941 1173 1994 11.·
1186 1919 1213 2014 §
1226 1913 1288 1996 35.
1307 1917 1359 1994 Et
1376 1914 1441 1994 hic
1464 1913 1627 1996 tandem
1647 1911 1798 1990 directe
1820 1909 1896 1988 sibi
1916 1908 1986 1986 ob·
2008 1969 2011 1978 .

619 2019 707 2125 jicit
732 2021 834 2104 illud
859 2028 974 2136 quod
996 2059 1197 2113 summum
1223 2035 1456 2115 continebat
1485 2034 1605 2138 hujus
1633 2029 1912 2138 disputationis
1940 2047 1983 2108 et

618 2138 732 2245 quod
750 2145 795 2220 in
813 2149 1002 2226 universi
1021 2148 1305 2234 distributione
1321 2179 1365 2230 se
1383 2154 1716 2259 impugnaturum
1734 2153 1978 2258 promiserat
2091 2158 2094 2164 '

617 2259 909 2342 «Senectutem
942 2267 1093 2345 scilicet
1127 2295 1274 2376 corpus
1304 2271 1474 2352 reddere
1508 2271 1714 2352 infirmius.
1731 2303 1752 2346 a
1784 2273 1842 2350 Eo
1872 2273 1980 2350 enim

612 2379 780 2460 Laelium
797 2399 840 2462 et
861 2385 1104 2492 Scipionem,
1123 2388 1327 2477 auditores
1346 2419 1453 2492 suos,
1472 2391 1571 2472 Cato
1591 2393 1845 2498 perduxerat,
1863 2408 1981 2471 utne

610 2505 761 2581 sentire
778 2503 947 2611 quidem
965 2506 1158 2612 valerent,
1177 2534 1441 2620 quaecumque
1456 2526 1570 2590 antea
1587 2509 1766 2610 dixisset,
1783 2511 1839 2587 ita
1855 2509 1982 2590 fuisse

610 2621 825 2734 disposita,
842 2642 889 2705 ut
906 2627 1066 2708 saci-lius.
1082 2629 1160 2709 hoc
1182 2657 1324 2714 verum
1344 2631 1459 2744 quod
1479 2629 1668 2736 objicitur
1690 2629 1891 2709 senectuti
1915 2631 1992 2706 vim
2114 2722 2115 2732 Ν
2196 2633 2198 2640 ’

608 2745 713 2823 tium
734 2771 818 2826 non
833 2763 916 2826 tam
932 2748 1087 2828 diluere
1104 2780 1227 2869 quam
1244 2756 1427 2830 minuere
1443 2767 1586 2858 posset.
1602 2735 1690 2827 Hoc
1704 2764 1839 2826 autem
1855 2747 1990 2828 efficit'

607 2893 697 2946 uno
710 2884 752 2949 et
768 2867 855 2948 solo
873 2868 944 2948 illo
958 2887 1211 2975 argumento,
1229 2897 1312 2980 quo
1329 2867 1491 2977 probat,
1505 2865 1618 2978 quod
1636 2869 1669 2946 si
1692 2868 1801 2948 istud
1819 2869 1980 2950 eveniat
2026 2881 2028 2886 ’

606 2988 772 3069 senibus
802 2990 1005 3092 honestis,
1032 3005 1080 3070 ut
1107 2993 1194 3072 sine
1221 2990 1308 3070 ullo
1341 3017 1502 3070 morum
1523 2989 1776 3068 'detrimento
1811 3016 1977 3095 prorsus

606 3107 760 3188 debiles
774 3111 976 3213 evadant,
996 3111 1098 3190 illud
1118 3113 1281 3192 nonnisi
1300 3113 1475 3192 adversae
1496 3108 1716 3190 valetudini
1736 3135 1822 3188 esse
1841 3111 1975 3219 impu-

604 3228 783 3313 tandum.
799 3263 820 3306 c
840 3233 894 3312 At
913 3230 955 3310 id
972 3229 1140 3341 quidem
1163 3259 1248 3316 non
1264 3234 1478 3342 proprium
1499 3231 1716 3340 senectutis
1732 3246 1792 3310 est
1809 3231 1973 3336 vitium,

604 3349 676 3430 sed
696 3379 912 3434 commune
929 3352 1177 3452 valetudinis.
1195 3388 1215 3432 s
1235 3355 1331 3464 Cap.
1360 3382 1417 3444 11,
1434 3360 1460 3454 §
1475 3351 1537 3436 35.
1560 3355 1695 3462 Atque
1714 3375 1872 3459 semper
1893 3353 1971 3434 sibi

602 3477 691 3582 ipse
700 3491 879 3555 constare
888 3474 1266 3578 desideransadfert
1274 3478 1352 3557 hoc
1361 3478 1642 3558 vitiumuuum
1650 3474 1761 3554 omni
1772 3475 1877 3554 aetati
1888 3501 1971 3554 esse

603 3625 838 3699 commuue,
870 3595 996 3676 fretus
1022 3599 1205 3708 exemplo
1235 3599 1362 3708 ipsius
1386 3596 1518 3677 fratris
1550 3593 1747 3704 adoptivi,
1774 3593 1968 3700 Scipionis
2004 3637 2009 3646 ·

601 3716 779 3798 Africani
807 3717 992 3818 Minoris,
1020 3720 1093 3829 qui
1119 3720 1164 3798 in
1190 3717 1469 3799 florentissimi
1496 3731 1606 3798 oetate
1639 3715 1870 3793 tenuissimi
1899 3727 1967 3792 aut

603 3842 739 3948 potius
763 3839 874 3921 nulli
900 3839 1029 3932 fuerat
1048 3839 1318 3924 valetudine«
1336 3836 1449 3942 Quid
1474 3839 1624 3917 mirum
1642 3834 1768 3940 'igitur
1790 3835 1834 3912 in
1858 3835 1964 3913 seni·

601 3962 701 4064 bus,
723 3965 757 4042 si
781 3961 930 4043 infirmi
953 3979 1046 4041 sunt
1068 3959 1306 4070 aliquando,
1331 3983 1460 4070 quum
1483 3985 1535 4038 ne
1556 3955 1602 4070 id
1623 3953 1787 4064 quidem
1808 3945 1965 4034 adoles·

600 4103 737 4168 centes
750 4083 930 4191 effugere
946 4085 1141 4192 possint.»
1152 4085 1336 4182 Attamen
1355 4081 1546 4160 inanimo
1564 4103 1796 4188 persuasum
1811 4073 1966 4156 habens

599 4212 861 4317 (quamquam
878 4206 979 4286 illud
998 4233 1078 4316 prae
1095 4204 1138 4284 se
1157 4203 1261 4284 serre
1279 4219 1460 4302 veretur,
1478 4227 1530 4280 ne
1548 4199 1699 4280 scilicet
1716 4223 1858 4276 eorum
1875 4223 1965 4305 qua

600 4345 692 4410 ante
717 4331 984 4435 disputaverat
1006 4326 1280 4407 auctoritatem
1300 4319 1508 4428 infringat)
1527 4320 1631 4400 hanc
1652 4316 1964 4400 imbecillitatem

467 4439 471 4445 ’
599 4456 727 4559 magis
754 4449 920 4532 senibus
947 4472 1031 4530 esse
1052 4471 1329 4549 communem,
1359 4470 1493 4552 neque
1519 4441 1606 4524 fieri
1628 4467 1745 4549 posse
1772 4458 1821 4522 ut
1839 4440 1959 4522 hocce
