4517 5867
334 515 338 524 ¹
449 501 694 574 nassonem
717 501 783 571 au
805 501 1112 590 Quasnonuu
1140 506 1415 580 soramcau.
1594 531 1613 605 7

255 713 323 780 eut
339 695 557 778 vesiculosa
574 695 618 774 in
636 719 762 802 regno
782 693 996 800 vegetabili
1014 696 1127 802 prius
1145 700 1338 800 nascitur,
1355 727 1477 810 quam
1490 702 1618 784 forma
1706 701 1715 718 ⁸

254 817 486 922 rectilinea,
514 815 693 922 librose,
726 814 914 899 tubulosa
940 833 982 924 et
1008 816 1323 901 membranacea.
1345 821 1413 902 Sic
1432 827 1619 930 opinatur

251 939 463 1022 Seianum.

303 1110 454 1194 Plantae
471 1113 615 1219 magni
637 1137 685 1192 ex
704 1127 815 1220 parte
836 1127 1022 1193 constant
1038 1111 1211 1215 cellulis,
1238 1139 1328 1224 quae
1350 1114 1470 1194 telam
1494 1112 1618 1193 cellu-

252 1230 381 1312 losam
412 1234 633 1319 efformane
662 1235 761 1316 Tela
790 1233 977 1316 cellulosa
1003 1253 1064 1316 est
1089 1237 1318 1344 aggregatio
1351 1235 1618 1317 vesiculamm

253 1355 650 1436 membranacearum
681 1373 722 1436 et
752 1355 1064 1464 pellucidarum:
1096 1385 1187 1466 quae
1215 1358 1359 1450 mutua
1385 1359 1618 1466 pressione,

252 1503 374 1586 quam
393 1475 610 1558 crescendo
631 1480 676 1558 in
695 1479 870 1560 invicem
894 1495 1102 1582 exercent,
1125 1478 1229 1560 fiunt
1248 1482 1447 1588 contiguae
1470 1497 1513 1561 et
1534 1479 1617 1558 for·

251 1623 361 1678 mam
377 1599 553 1680 induunt
568 1603 740 1703 variam,
756 1601 878 1708 vulgo
895 1601 1148 1708 angulosum,
1167 1630 1294 1712 quare
1313 1630 1423 1682 nunc
1443 1602 1617 1708 hexago-

251 1745 335 1821 nae,
357 1747 466 1799 nune
482 1738 719 1828 tetragonae,
736 1751 847 1804 nuuc
864 1725 1059 1832 elongatae
1084 1743 1124 1805 et
1148 1725 1389 1831 irregulares
1412 1738 1617 1832 apparent

251 1839 492 1951 Plerumque
510 1870 664 1946 succos,
681 1871 784 1954 saepe
801 1863 937 1926 autem
957 1846 1015 1926 nil
1033 1847 1110 1926 nisi
1129 1848 1263 1925 aerem
1285 1842 1511 1924 includunt.

253 2089 259 2096 .
302 2028 351 2108 In
373 2029 741 2140 organisationibus
770 2028 1033 2128 inferioribus
1054 2030 1134 2109 tela
1162 2033 1235 2109 ista
1260 2057 1364 2134 saepe
1395 2025 1618 2108 admodum

250 2146 484 2230 indistincta
505 2167 587 2246 est,
606 2177 903 2258 nonnunquam
928 2168 1063 2231 autem
1084 2152 1228 2255 magni
1250 2177 1343 2229 cum
1364 2149 1618 2254 regularitate
1678 2257 1683 2266 ,

102 2289 105 2304 ·
251 2269 523 2374 sexangularis
544 2285 614 2348 aut
633 2269 810 2374 globosa.

253 2516 259 2522 .
305 2451 469 2532 Cellulae
491 2453 760 2560 superficiales
777 2455 990 2562 planorum
1014 2453 1207 2535 viridium
1224 2481 1299 2562 per
1318 2457 1439 2535 rimas
1455 2472 1525 2535 aut
1542 2482 1617 2566 po-

252 2597 319 2652 ros
337 2574 536 2677 regulares
557 2601 649 2654 cum
666 2577 757 2654 aiire
776 2591 943 2654 externo
963 2577 1269 2656 communicant

306 2775 410 2851 Cum
427 2775 555 2854 lor-rna
574 2775 808 2858 cellularum
829 2780 1000 2857 maxime
1025 2777 1144 2859 obvia
1167 2781 1220 2858 sit
1241 2779 1467 2884 hexagona,
1494 2779 1617 2883 liqui·

253 2891 374 2992 dum,
391 2888 503 2999 quod
521 2885 741 2966 circumdat
759 2885 941 2982 cellulas,
963 2888 1007 2963 in
1027 2889 1206 2990 ipsarum
1227 2887 1396 2989 angulos
1417 2887 1595 2972 defertur
1606 2921 1618 2990 ;

252 3013 364 3092 unde
383 3011 571 3090 oriuntur
590 3006 736 3086 ductus
753 3005 990 3111 prismatici,
1008 3020 1163 3082 meatus
1185 3005 1519 3099 inter-cellulares
1541 3012 1621 3097 dic·

253 3136 308 3234 ti,
325 3133 421 3241 qui,
437 3155 530 3212 cum
549 3127 732 3208 humoris
752 3124 898 3233 plantae
921 3124 1036 3230 copia
1058 3122 1280 3205 admodum
1304 3126 1539 3234 dilatentur,
1561 3133 1620 3231 of.

254 3253 428 3334 formant
445 3277 536 3330 vasa
549 3247 723 3356 propriu.
744 3247 880 3353 Spatia
898 3245 971 3324 ista
988 3261 1029 3324 et
1040 3259 1197 3346 ,meatus
1208 3245 1429 3351 parietibus
1445 3256 1619 3358 propriis

250 3391 402 3453 carent.
1053 3397 1056 3404 ⁴

246 3562 254 3590 ··
308 3543 357 3618 In
376 3538 522 3646 plantis
534 3539 725 3648 aquaticis
739 3535 891 3617 cellulae
903 3533 1223 3643 perenchymatis
1240 3535 1381 3643 amplae
1397 3551 1438 3616 et
1462 3538 1619 3646 irregu-

162 3713 171 3718 -
257 3661 359 3742 lares
377 3677 609 3758 occurrunt,
630 3687 721 3767 quae
739 3657 800 3736 nil
818 3659 895 3736 nisi
915 3683 1005 3762 gasa
1024 3656 1234 3735 continent
1252 3674 1293 3736 et
1309 3658 1459 3736 lacunae
1472 3682 1621 3738 vocan-

257 3799 348 3864 tur:
374 3781 613 3862 laceratione
643 3777 962 3886 perenchymatis
991 3775 1188 3857 cellulacis
1215 3779 1387 3885 produci
1419 3778 1619 3861 videntur.

307 3988 368 4064 De
387 3984 606 4090 parietibus
629 3979 883 4085 cellularum,
901 4009 951 4062 ex
973 3974 1129 4060 theoria
1147 4009 1285 4060 earum
1304 3979 1470 4086 originis
1493 3986 1620 4091 maxi·

258 4132 325 4188 me
345 4103 553 4210 probabile
577 4121 655 4202 est,
675 4106 867 4210 parietem
885 4103 958 4212 qui
977 4099 1076 4181 duas
1095 4101 1255 4180 cellulas
1272 4101 1467 4208 sejungit,
1485 4101 1618 4212 dupli-

260 4253 349 4306 cem
372 4250 456 4302 esse
475 4221 643 4302 debere:
668 4223 781 4332 quod
805 4251 919 4331 egr.
943 4225 986 4303 in
1014 4223 1199 4302 maximis
1225 4217 1379 4304 cellulis
1403 4223 1620 4307 cucurbitae

260 4343 523 4455 conspicuum
539 4360 608 4425 est.
802 4339 806 4349 '
1180 4376 1183 4380 ⁴
