<?xml version="1.0" encoding="UTF-8"?>
<!DOCTYPE html PUBLIC "-//W3C//DTD XHTML 1.0 Transitional//EN"
    "http://www.w3.org/TR/xhtml1/DTD/xhtml1-transitional.dtd">
<html xmlns="http://www.w3.org/1999/xhtml" xml:lang="en" lang="en">
 <head>
  <title>
</title>
<meta http-equiv="Content-Type" content="text/html;charset=utf-8" />
  <meta name='ocr-system' content='tesseract 3.04.00' />
  <meta name='ocr-capabilities' content='ocr_page ocr_carea ocr_par ocr_line ocrx_word'/>
</head>
<body>
  <div class='ocr_page' id='page_1' title='image "annalesacademia01goog_0347.png"; bbox 0 0 4517 5867; ppageno 0'>
   <div class='ocr_carea' id='block_1_1' title="bbox 352 583 1661 710">
    <p class='ocr_par' dir='ltr' id='par_1_1' title="bbox 352 583 1661 710">
     <span class='ocr_line' id='line_1_1' title="bbox 352 583 1661 710; baseline 0.006 -33"><span class='ocrx_word' id='word_1_1' title='bbox 352 602 727 677; x_wconf 80' lang='lat' dir='ltr'><strong>connsnrrrm</strong></span> <span class='ocrx_word' id='word_1_2' title='bbox 743 589 815 674; x_wconf 76' lang='lat' dir='ltr'><strong>&#39;su</strong></span> <span class='ocrx_word' id='word_1_3' title='bbox 836 603 1183 694; x_wconf 77' lang='lat' dir='ltr'><strong>Qussrrorsn</strong></span> <span class='ocrx_word' id='word_1_4' title='bbox 1206 583 1535 684; x_wconf 75' lang='lat' dir='ltr'><strong>sirenarum</strong></span> <span class='ocrx_word' id='word_1_5' title='bbox 1576 625 1661 710; x_wconf 58' lang='grc' dir='ltr'><strong>ιρι·</strong></span> 
     </span>
    </p>
   </div>
   <div class='ocr_carea' id='block_1_2' title="bbox 245 781 1759 3922">
    <p class='ocr_par' dir='ltr' id='par_1_2' title="bbox 245 781 1759 3922">
     <span class='ocr_line' id='line_1_2' title="bbox 284 781 1645 894; baseline 0.007 -32"><span class='ocrx_word' id='word_1_6' title='bbox 284 791 412 862; x_wconf 90' lang='lat' dir='ltr'><strong>mort&#39;e</strong></span> <span class='ocrx_word' id='word_1_7' title='bbox 442 781 659 891; x_wconf 84' lang='lat' dir='ltr'><strong>disputans.</strong></span> <span class='ocrx_word' id='word_1_8' title='bbox 688 785 897 864; x_wconf 79' lang='lat' dir='ltr'><strong>Existimat</strong></span> <span class='ocrx_word' id='word_1_9' title='bbox 920 785 1030 862; x_wconf 88' lang='lat' dir='ltr'><strong>enim</strong></span> <span class='ocrx_word' id='word_1_10' title='bbox 1052 787 1124 894; x_wconf 92' lang='lat' dir='ltr'><strong>qui</strong></span> <span class='ocrx_word' id='word_1_11' title='bbox 1144 785 1251 866; x_wconf 85' lang='lat' dir='ltr'><strong>bene</strong></span> <span class='ocrx_word' id='word_1_12' title='bbox 1269 789 1313 866; x_wconf 89' lang='lat' dir='ltr'><strong>in</strong></span> <span class='ocrx_word' id='word_1_13' title='bbox 1335 788 1408 868; x_wconf 86' lang='lat' dir='ltr'><strong>hac</strong></span> <span class='ocrx_word' id='word_1_14' title='bbox 1424 791 1506 870; x_wconf 74' lang='lat' dir='ltr'><strong>vid</strong></span> <span class='ocrx_word' id='word_1_15' title='bbox 1522 793 1645 872; x_wconf 83' lang='lat' dir='ltr'><strong>vixis·</strong></span> 
     </span>
     <span class='ocr_line' id='line_1_3' title="bbox 287 901 1645 1019; baseline 0.004 -33"><span class='ocrx_word' id='word_1_16' title='bbox 287 923 371 1007; x_wconf 86' lang='lat' dir='ltr'><strong>set,</strong></span> <span class='ocrx_word' id='word_1_17' title='bbox 391 933 486 986; x_wconf 88' lang='lat' dir='ltr'><strong>eum</strong></span> <span class='ocrx_word' id='word_1_18' title='bbox 512 909 555 986; x_wconf 91' lang='lat' dir='ltr'><strong>in</strong></span> <span class='ocrx_word' id='word_1_19' title='bbox 581 901 705 986; x_wconf 69' lang='lat' dir='ltr'><strong>alteri</strong></span> <span class='ocrx_word' id='word_1_20' title='bbox 733 905 919 992; x_wconf 85' lang='lat' dir='ltr'><strong>futurum</strong></span> <span class='ocrx_word' id='word_1_21' title='bbox 944 904 1129 1010; x_wconf 79' lang='lat' dir='ltr'><strong>beatum,</strong></span> <span class='ocrx_word' id='word_1_22' title='bbox 1156 925 1198 987; x_wconf 89' lang='lat' dir='ltr'><strong>et</strong></span> <span class='ocrx_word' id='word_1_23' title='bbox 1225 911 1417 1016; x_wconf 89' lang='lat' dir='ltr'><strong>quoniam</strong></span> <span class='ocrx_word' id='word_1_24' title='bbox 1442 938 1485 990; x_wconf 89' lang='lat' dir='ltr'><strong>se</strong></span> <span class='ocrx_word' id='word_1_25' title='bbox 1510 912 1645 1019; x_wconf 87' lang='lat' dir='ltr'><strong>ipsum</strong></span> 
     </span>
     <span class='ocr_line' id='line_1_4' title="bbox 285 1020 1645 1138; baseline 0.001 -28"><span class='ocrx_word' id='word_1_26' title='bbox 285 1027 422 1110; x_wconf 81' lang='lat' dir='ltr'><strong>fecisse</strong></span> <span class='ocrx_word' id='word_1_27' title='bbox 453 1028 555 1110; x_wconf 90' lang='lat' dir='ltr'><strong>illud</strong></span> <span class='ocrx_word' id='word_1_28' title='bbox 585 1057 635 1109; x_wconf 86' lang='lat' dir='ltr'><strong>cx</strong></span> <span class='ocrx_word' id='word_1_29' title='bbox 665 1030 789 1108; x_wconf 88' lang='lat' dir='ltr'><strong>animi</strong></span> <span class='ocrx_word' id='word_1_30' title='bbox 817 1029 1013 1108; x_wconf 71' lang='lat' dir='ltr'><strong>sententia</strong></span> <span class='ocrx_word' id='word_1_31' title='bbox 1044 1045 1202 1138; x_wconf 87' lang='lat' dir='ltr'><strong>poterat</strong></span> <span class='ocrx_word' id='word_1_32' title='bbox 1230 1020 1464 1133; x_wconf 57' lang='lat' dir='ltr'><strong>affirmare,⁴</strong></span> <span class='ocrx_word' id='word_1_33' title='bbox 1477 1035 1645 1112; x_wconf 86' lang='lat' dir='ltr'><strong>minime</strong></span> 
     </span>
     <span class='ocr_line' id='line_1_5' title="bbox 286 1150 1645 1266; baseline 0.002 -36"><span class='ocrx_word' id='word_1_34' title='bbox 286 1168 459 1266; x_wconf 60' lang='lat' dir='ltr'><strong>mertem</strong></span> <span class='ocrx_word' id='word_1_35' title='bbox 478 1150 767 1232; x_wconf 65' lang='lat' dir='ltr'><strong>extimescebat</strong></span> <span class='ocrx_word' id='word_1_36' title='bbox 789 1165 893 1238; x_wconf 74' lang='grc' dir='ltr'>Πολλὴ</span> <span class='ocrx_word' id='word_1_37' title='bbox 912 1163 996 1240; x_wconf 68' lang='lat' dir='ltr'><strong>ilari&lt;</strong></span> <span class='ocrx_word' id='word_1_38' title='bbox 1014 1164 1186 1256; x_wconf 66' lang='grc' dir='ltr'>ἀφικομένῳ</span> <span class='ocrx_word' id='word_1_39' title='bbox 1202 1160 1232 1232; x_wconf 81' lang='grc' dir='ltr'><strong>οἷ</strong></span> <span class='ocrx_word' id='word_1_40' title='bbox 1250 1167 1311 1256; x_wconf 72' lang='grc' dir='ltr'><strong>ἐγὼ</strong></span> <span class='ocrx_word' id='word_1_41' title='bbox 1328 1166 1518 1258; x_wconf 69' lang='grc' dir='ltr'>πορεύομαι,</span> <span class='ocrx_word' id='word_1_42' title='bbox 1538 1164 1645 1246; x_wconf 70' lang='grc' dir='ltr'><strong>ἱκανῶς</strong></span> 
     </span>
     <span class='ocr_line' id='line_1_6' title="bbox 286 1275 1650 1384; baseline 0.003 -31"><span class='ocrx_word' id='word_1_43' title='bbox 286 1275 366 1366; x_wconf 72' lang='grc' dir='ltr'>ἑλεῖ,</span> <span class='ocrx_word' id='word_1_44' title='bbox 385 1287 542 1380; x_wconf 69' lang='lat' dir='ltr'><strong>sinapeos</strong></span> <span class='ocrx_word' id='word_1_45' title='bbox 563 1283 686 1366; x_wconf 79' lang='grc' dir='ltr'>ἄλλοθι,</span> <span class='ocrx_word' id='word_1_46' title='bbox 707 1285 876 1360; x_wconf 67' lang='grc' dir='ltr'>κτήσασθαι</span> <span class='ocrx_word' id='word_1_47' title='bbox 888 1284 1136 1353; x_wconf 64' lang='lat' dir='ltr'><strong>saisselinus</strong></span> <span class='ocrx_word' id='word_1_48' title='bbox 1155 1290 1174 1359; x_wconf 78' lang='grc' dir='ltr'>ἡ</span> <span class='ocrx_word' id='word_1_49' title='bbox 1196 1290 1294 1360; x_wconf 84' lang='grc' dir='ltr'>πολλὴ</span> <span class='ocrx_word' id='word_1_50' title='bbox 1311 1286 1510 1380; x_wconf 53' lang='lat' dir='ltr'><strong>tenuastis</strong></span> <span class='ocrx_word' id='word_1_51' title='bbox 1525 1295 1598 1384; x_wconf 70' lang='grc' dir='ltr'><strong>ἡμῖν</strong></span> <span class='ocrx_word' id='word_1_52' title='bbox 1617 1293 1650 1361; x_wconf 69' lang='grc' dir='ltr'><strong>ἐν</strong></span> 
     </span>
     <span class='ocr_line' id='line_1_7' title="bbox 286 1399 1649 1509; baseline 0.001 -37"><span class='ocrx_word' id='word_1_53' title='bbox 286 1417 332 1494; x_wconf 82' lang='grc' dir='ltr'><strong>τῷ</strong></span> <span class='ocrx_word' id='word_1_54' title='bbox 350 1409 480 1500; x_wconf 76' lang='grc' dir='ltr'>παρόντι</span> <span class='ocrx_word' id='word_1_55' title='bbox 506 1407 564 1494; x_wconf 84' lang='grc' dir='ltr'><strong>βίῳ</strong></span> <span class='ocrx_word' id='word_1_56' title='bbox 580 1408 712 1500; x_wconf 71' lang='grc' dir='ltr'><strong>γέγονεν.</strong></span> <span class='ocrx_word' id='word_1_57' title='bbox 735 1411 851 1482; x_wconf 74' lang='lat' dir='ltr'><strong>detail</strong></span> <span class='ocrx_word' id='word_1_58' title='bbox 872 1433 907 1500; x_wconf 75' lang='grc' dir='ltr'><strong>γε</strong></span> <span class='ocrx_word' id='word_1_59' title='bbox 929 1399 1128 1500; x_wconf 57' lang='lat' dir='ltr'><strong>dardaniae</strong></span> <span class='ocrx_word' id='word_1_60' title='bbox 1149 1418 1200 1475; x_wconf 80' lang='grc' dir='ltr'><strong>νῦν</strong></span> <span class='ocrx_word' id='word_1_61' title='bbox 1221 1409 1289 1500; x_wconf 73' lang='grc' dir='ltr'>ἐμοὶ</span> <span class='ocrx_word' id='word_1_62' title='bbox 1313 1414 1565 1504; x_wconf 66' lang='grc' dir='ltr'>προστεταγμένη</span> <span class='ocrx_word' id='word_1_63' title='bbox 1592 1439 1649 1509; x_wconf 63' lang='grc' dir='ltr'><strong>με.</strong></span> 
     </span>
     <span class='ocr_line' id='line_1_8' title="bbox 286 1517 1647 1625; baseline 0.006 -29"><span class='ocrx_word' id='word_1_64' title='bbox 286 1527 329 1596; x_wconf 76' lang='grc' dir='ltr'><strong>τὰ</strong></span> <span class='ocrx_word' id='word_1_65' title='bbox 346 1526 460 1622; x_wconf 72' lang='grc' dir='ltr'>ἀγαθῆς</span> <span class='ocrx_word' id='word_1_66' title='bbox 484 1517 607 1613; x_wconf 70' lang='grc' dir='ltr'>ἐλπίδος</span> <span class='ocrx_word' id='word_1_67' title='bbox 626 1527 765 1621; x_wconf 76' lang='grc' dir='ltr'><strong>γίγνεται</strong></span> <span class='ocrx_word' id='word_1_68' title='bbox 785 1529 837 1596; x_wconf 77' lang='grc' dir='ltr'><strong>καὶ</strong></span> <span class='ocrx_word' id='word_1_69' title='bbox 855 1525 940 1614; x_wconf 76' lang='grc' dir='ltr'>ἄλλῳ</span> <span class='ocrx_word' id='word_1_70' title='bbox 958 1519 1066 1622; x_wconf 78' lang='grc' dir='ltr'>ἀνδρὶ,</span> <span class='ocrx_word' id='word_1_71' title='bbox 1086 1527 1119 1606; x_wconf 72' lang='grc' dir='ltr'><strong>ὃς</strong></span> <span class='ocrx_word' id='word_1_72' title='bbox 1140 1529 1266 1621; x_wconf 70' lang='grc' dir='ltr'><strong>ἡγεῖταί</strong></span> <span class='ocrx_word' id='word_1_73' title='bbox 1282 1531 1311 1597; x_wconf 83' lang='grc' dir='ltr'><strong>οἱ</strong></span> <span class='ocrx_word' id='word_1_74' title='bbox 1332 1533 1647 1625; x_wconf 71' lang='grc' dir='ltr'><strong>παρεσκευάσθαι-τήν</strong></span> 
     </span>
     <span class='ocr_line' id='line_1_9' title="bbox 281 1627 1649 1746; baseline 0.003 -28"><span class='ocrx_word' id='word_1_75' title='bbox 281 1627 422 1718; x_wconf 61' lang='grc' dir='ltr'>’διάνοιαν</span> <span class='ocrx_word' id='word_1_76' title='bbox 445 1655 545 1746; x_wconf 77' lang='grc' dir='ltr'>ὥσπερ</span> <span class='ocrx_word' id='word_1_77' title='bbox 567 1651 788 1744; x_wconf 54' lang='lat' dir='ltr'><strong>mantuanense</strong></span> <span class='ocrx_word' id='word_1_78' title='bbox 812 1639 878 1746; x_wconf 85' lang='grc' dir='ltr'><strong>(ι)</strong></span> <span class='ocrx_word' id='word_1_79' title='bbox 902 1640 1102 1742; x_wconf 83' lang='lat' dir='ltr'><strong>Quocirca</strong></span> <span class='ocrx_word' id='word_1_80' title='bbox 1120 1640 1249 1718; x_wconf 86' lang='lat' dir='ltr'><strong>etiam</strong></span> <span class='ocrx_word' id='word_1_81' title='bbox 1277 1639 1375 1720; x_wconf 85' lang='lat' dir='ltr'><strong>Cato</strong></span> <span class='ocrx_word' id='word_1_82' title='bbox 1398 1642 1568 1724; x_wconf 88' lang='lat' dir='ltr'><strong>ulterius</strong></span> <span class='ocrx_word' id='word_1_83' title='bbox 1595 1645 1649 1722; x_wconf 89' lang='lat' dir='ltr'><strong>si-</strong></span> 
     </span>
     <span class='ocr_line' id='line_1_10' title="bbox 289 1759 1651 1872; baseline 0.003 -32"><span class='ocrx_word' id='word_1_84' title='bbox 289 1759 470 1868; x_wconf 75' lang='lat' dir='ltr'><strong>gnificat,</strong></span> <span class='ocrx_word' id='word_1_85' title='bbox 497 1761 539 1840; x_wconf 89' lang='lat' dir='ltr'><strong>in</strong></span> <span class='ocrx_word' id='word_1_86' title='bbox 563 1761 699 1840; x_wconf 87' lang='lat' dir='ltr'><strong>animo</strong></span> <span class='ocrx_word' id='word_1_87' title='bbox 721 1788 818 1862; x_wconf 80' lang='lat' dir='ltr'><strong>suo,</strong></span> <span class='ocrx_word' id='word_1_88' title='bbox 843 1765 914 1872; x_wconf 91' lang='lat' dir='ltr'><strong>qui</strong></span> <span class='ocrx_word' id='word_1_89' title='bbox 936 1759 1138 1842; x_wconf 75' lang='lat' dir='ltr'><strong>aterreni</strong></span> <span class='ocrx_word' id='word_1_90' title='bbox 1159 1759 1396 1842; x_wconf 82' lang='lat' dir='ltr'><strong>confusione</strong></span> <span class='ocrx_word' id='word_1_91' title='bbox 1422 1790 1465 1842; x_wconf 93' lang='lat' dir='ltr'><strong>se</strong></span> <span class='ocrx_word' id='word_1_92' title='bbox 1490 1790 1651 1872; x_wconf 87' lang='lat' dir='ltr'><strong>semper</strong></span> 
     </span>
     <span class='ocr_line' id='line_1_11' title="bbox 288 1879 1652 1992; baseline 0.001 -30"><span class='ocrx_word' id='word_1_93' title='bbox 288 1881 338 1962; x_wconf 89' lang='lat' dir='ltr'><strong>ad</strong></span> <span class='ocrx_word' id='word_1_94' title='bbox 359 1884 589 1963; x_wconf 72' lang='lat' dir='ltr'><strong>aeternitatis</strong></span> <span class='ocrx_word' id='word_1_95' title='bbox 609 1881 991 1992; x_wconf 88' lang='lat' dir='ltr'><strong>contemplationem</strong></span> <span class='ocrx_word' id='word_1_96' title='bbox 1012 1879 1234 1984; x_wconf 80' lang='lat' dir='ltr'><strong>retulisset,</strong></span> <span class='ocrx_word' id='word_1_97' title='bbox 1253 1883 1379 1990; x_wconf 89' lang='lat' dir='ltr'><strong>ipsius</strong></span> <span class='ocrx_word' id='word_1_98' title='bbox 1398 1899 1553 1964; x_wconf 76' lang='lat' dir='ltr'><strong>naturae</strong></span> <span class='ocrx_word' id='word_1_99' title='bbox 1573 1887 1652 1964; x_wconf 85' lang='lat' dir='ltr'><strong>im-</strong></span> 
     </span>
     <span class='ocr_line' id='line_1_12' title="bbox 245 2003 1654 2116; baseline 0.001 -32"><span class='ocrx_word' id='word_1_100' title='bbox 245 2021 249 2028; x_wconf 85' lang='grc'><em>“</em></span> <span class='ocrx_word' id='word_1_101' title='bbox 287 2005 406 2114; x_wconf 91' lang='lat' dir='ltr'><strong>pulsu</strong></span> <span class='ocrx_word' id='word_1_102' title='bbox 422 2005 499 2087; x_wconf 90' lang='lat' dir='ltr'><strong>hoc</strong></span> <span class='ocrx_word' id='word_1_103' title='bbox 518 2004 828 2084; x_wconf 81' lang='lat' dir='ltr'><strong>immortalitatis</strong></span> <span class='ocrx_word' id='word_1_104' title='bbox 840 2003 1088 2085; x_wconf 89' lang='lat' dir='ltr'><strong>desiderium</strong></span> <span class='ocrx_word' id='word_1_105' title='bbox 1105 2005 1300 2089; x_wconf 81' lang='lat' dir='ltr'><strong>exstitisse</strong></span> <span class='ocrx_word' id='word_1_106' title='bbox 1313 2032 1388 2086; x_wconf 88' lang='lat' dir='ltr'><strong>nec</strong></span> <span class='ocrx_word' id='word_1_107' title='bbox 1400 2031 1444 2086; x_wconf 85' lang='lat' dir='ltr'><strong>se</strong></span> <span class='ocrx_word' id='word_1_108' title='bbox 1459 2023 1654 2116; x_wconf 85' lang='lat' dir='ltr'><strong>umquam</strong></span> 
     </span>
     <span class='ocr_line' id='line_1_13' title="bbox 288 2125 1655 2244; baseline 0.001 -39"><span class='ocrx_word' id='word_1_109' title='bbox 288 2125 503 2206; x_wconf 83' lang='lat' dir='ltr'><strong>credidisse</strong></span> <span class='ocrx_word' id='word_1_110' title='bbox 528 2155 623 2205; x_wconf 87' lang='lat' dir='ltr'><strong>vere</strong></span> <span class='ocrx_word' id='word_1_111' title='bbox 647 2128 852 2202; x_wconf 88' lang='lat' dir='ltr'><strong>victurum</strong></span> <span class='ocrx_word' id='word_1_112' title='bbox 875 2151 960 2244; x_wconf 57' lang='lat' dir='ltr'><strong>essa</strong></span> <span class='ocrx_word' id='word_1_113' title='bbox 983 2127 1186 2225; x_wconf 79' lang='lat' dir='ltr'><strong>animum,</strong></span> <span class='ocrx_word' id='word_1_114' title='bbox 1205 2127 1283 2204; x_wconf 90' lang='lat' dir='ltr'><strong>nisi</strong></span> <span class='ocrx_word' id='word_1_115' title='bbox 1303 2154 1327 2204; x_wconf 97' lang='lat' dir='ltr'><strong>e</strong></span> <span class='ocrx_word' id='word_1_116' title='bbox 1346 2153 1516 2234; x_wconf 87' lang='lat' dir='ltr'><strong>corpore</strong></span> <span class='ocrx_word' id='word_1_117' title='bbox 1536 2130 1655 2236; x_wconf 81' lang='lat' dir='ltr'><strong>quasi</strong></span> 
     </span>
     <span class='ocr_line' id='line_1_14' title="bbox 263 2242 1654 2350; baseline 0.001 -24"><span class='ocrx_word' id='word_1_118' title='bbox 263 2335 266 2342; x_wconf 51' lang='grc'><strong>,</strong></span> <span class='ocrx_word' id='word_1_119' title='bbox 289 2271 311 2326; x_wconf 90' lang='lat' dir='ltr'><strong>e</strong></span> <span class='ocrx_word' id='word_1_120' title='bbox 339 2273 495 2325; x_wconf 87' lang='lat' dir='ltr'><strong>carcere</strong></span> <span class='ocrx_word' id='word_1_121' title='bbox 523 2242 730 2350; x_wconf 80' lang='lat' dir='ltr'><strong>effugisset</strong></span> <span class='ocrx_word' id='word_1_122' title='bbox 752 2258 796 2323; x_wconf 89' lang='lat' dir='ltr'><strong>et</strong></span> <span class='ocrx_word' id='word_1_123' title='bbox 821 2242 865 2321; x_wconf 90' lang='lat' dir='ltr'><strong>in</strong></span> <span class='ocrx_word' id='word_1_124' title='bbox 891 2243 1182 2349; x_wconf 86' lang='lat' dir='ltr'><strong>sempiternum</strong></span> <span class='ocrx_word' id='word_1_125' title='bbox 1206 2270 1250 2324; x_wconf 90' lang='lat' dir='ltr'><strong>se</strong></span> <span class='ocrx_word' id='word_1_126' title='bbox 1271 2242 1524 2326; x_wconf 84' lang='lat' dir='ltr'><strong>domicilium</strong></span> <span class='ocrx_word' id='word_1_127' title='bbox 1543 2265 1654 2328; x_wconf 88' lang='lat' dir='ltr'><strong>retu-</strong></span> 
     </span>
     <span class='ocr_line' id='line_1_15' title="bbox 288 2350 1656 2473; baseline 0.001 -28"><span class='ocrx_word' id='word_1_128' title='bbox 288 2366 407 2448; x_wconf 87' lang='lat' dir='ltr'><strong>lisset.</strong></span> <span class='ocrx_word' id='word_1_129' title='bbox 432 2364 563 2468; x_wconf 75' lang='lat' dir='ltr'><strong>«Sed,</strong></span> <span class='ocrx_word' id='word_1_130' title='bbox 585 2365 722 2443; x_wconf 89' lang='lat' dir='ltr'><strong>nescio</strong></span> <span class='ocrx_word' id='word_1_131' title='bbox 745 2362 975 2473; x_wconf 75' lang='lat' dir='ltr'><strong>quomodo,</strong></span> <span class='ocrx_word' id='word_1_132' title='bbox 994 2362 1173 2461; x_wconf 86' lang='lat' dir='ltr'><strong>animus,</strong></span> <span class='ocrx_word' id='word_1_133' title='bbox 1192 2365 1351 2470; x_wconf 81' lang='lat' dir='ltr'><strong>erigens</strong></span> <span class='ocrx_word' id='word_1_134' title='bbox 1366 2350 1430 2463; x_wconf 30' lang='lat' dir='ltr'><strong>sm*</strong></span> <span class='ocrx_word' id='word_1_135' title='bbox 1446 2369 1656 2472; x_wconf 82' lang='lat' dir='ltr'><strong>posterita-</strong></span> 
     </span>
     <span class='ocr_line' id='line_1_16' title="bbox 290 2473 1658 2596; baseline -0.001 -29"><span class='ocrx_word' id='word_1_136' title='bbox 290 2503 374 2567; x_wconf 89' lang='lat' dir='ltr'><strong>tem</strong></span> <span class='ocrx_word' id='word_1_137' title='bbox 397 2511 555 2596; x_wconf 87' lang='lat' dir='ltr'><strong>semper</strong></span> <span class='ocrx_word' id='word_1_138' title='bbox 575 2485 631 2564; x_wconf 88' lang='lat' dir='ltr'><strong>ita</strong></span> <span class='ocrx_word' id='word_1_139' title='bbox 653 2473 952 2592; x_wconf 79' lang='lat' dir='ltr'><strong>prospiciebat‚&#39;</strong></span> <span class='ocrx_word' id='word_1_140' title='bbox 964 2484 1100 2592; x_wconf 82' lang='lat' dir='ltr'><strong>quasi,</strong></span> <span class='ocrx_word' id='word_1_141' title='bbox 1117 2510 1248 2592; x_wconf 89' lang='lat' dir='ltr'><strong>quum</strong></span> <span class='ocrx_word' id='word_1_142' title='bbox 1265 2485 1496 2567; x_wconf 85' lang='lat' dir='ltr'><strong>excessisset</strong></span> <span class='ocrx_word' id='word_1_143' title='bbox 1513 2514 1538 2566; x_wconf 87' lang='lat' dir='ltr'><strong>e</strong></span> <span class='ocrx_word' id='word_1_144' title='bbox 1553 2488 1658 2590; x_wconf 77' lang='lat' dir='ltr'><strong>virt,</strong></span> 
     </span>
     <span class='ocr_line' id='line_1_17' title="bbox 289 2599 1655 2716; baseline -0.004 -26"><span class='ocrx_word' id='word_1_145' title='bbox 289 2628 378 2690; x_wconf 89' lang='lat' dir='ltr'><strong>tum</strong></span> <span class='ocrx_word' id='word_1_146' title='bbox 397 2608 575 2716; x_wconf 85' lang='lat' dir='ltr'><strong>denique</strong></span> <span class='ocrx_word' id='word_1_147' title='bbox 585 2607 773 2686; x_wconf 85' lang='lat' dir='ltr'><strong>-victurus</strong></span> <span class='ocrx_word' id='word_1_148' title='bbox 791 2620 937 2684; x_wconf 70' lang='lat' dir='ltr'><strong>esset»</strong></span> <span class='ocrx_word' id='word_1_149' title='bbox 956 2605 1053 2710; x_wconf 88' lang='lat' dir='ltr'><strong>Cap.</strong></span> <span class='ocrx_word' id='word_1_150' title='bbox 1072 2601 1134 2684; x_wconf 79' lang='lat'><strong>23.</strong></span> <span class='ocrx_word' id='word_1_151' title='bbox 1159 2599 1261 2704; x_wconf 73' lang='lat' dir='ltr'><strong>§dn</strong></span> <span class='ocrx_word' id='word_1_152' title='bbox 1276 2605 1379 2707; x_wconf 86' lang='lat' dir='ltr'><strong>Quae</strong></span> <span class='ocrx_word' id='word_1_153' title='bbox 1393 2607 1516 2686; x_wconf 84' lang='lat' dir='ltr'><strong>etiam</strong></span> <span class='ocrx_word' id='word_1_154' title='bbox 1527 2608 1655 2712; x_wconf 80' lang='lat' dir='ltr'><strong>magis</strong></span> 
     </span>
     <span class='ocr_line' id='line_1_18' title="bbox 288 2723 1657 2837; baseline -0.002 -27"><span class='ocrx_word' id='word_1_155' title='bbox 288 2727 503 2811; x_wconf 84' lang='lat' dir='ltr'><strong>illustravit</strong></span> <span class='ocrx_word' id='word_1_156' title='bbox 520 2725 667 2808; x_wconf 80' lang='lat' dir='ltr'><strong>Crasso</strong></span> <span class='ocrx_word' id='word_1_157' title='bbox 681 2723 726 2804; x_wconf 90' lang='lat' dir='ltr'><strong>in</strong></span> <span class='ocrx_word' id='word_1_158' title='bbox 741 2724 1025 2806; x_wconf 88' lang='lat' dir='ltr'><strong>Consolatione</strong></span> <span class='ocrx_word' id='word_1_159' title='bbox 1035 2723 1105 2832; x_wconf 73' lang='grc' dir='ltr'>(ο),</span> <span class='ocrx_word' id='word_1_160' title='bbox 1123 2723 1220 2827; x_wconf 85' lang='lat' dir='ltr'><strong>ubi,</strong></span> <span class='ocrx_word' id='word_1_161' title='bbox 1237 2727 1348 2805; x_wconf 75' lang='lat' dir='ltr'><strong>«Nec</strong></span> <span class='ocrx_word' id='word_1_162' title='bbox 1363 2751 1575 2837; x_wconf 86' lang='lat' dir='ltr'><strong>umquam,</strong></span> <span class='ocrx_word' id='word_1_163' title='bbox 1593 2730 1657 2807; x_wconf 92' lang='lat' dir='ltr'><strong>in·</strong></span> 
     </span>
     <span class='ocr_line' id='line_1_19' title="bbox 291 2846 1706 2962; baseline -0.003 -32"><span class='ocrx_word' id='word_1_164' title='bbox 291 2851 401 2962; x_wconf 76' lang='lat' dir='ltr'><strong>quit,</strong></span> <span class='ocrx_word' id='word_1_165' title='bbox 419 2847 521 2930; x_wconf 80' lang='lat' dir='ltr'><strong>vivit</strong></span> <span class='ocrx_word' id='word_1_166' title='bbox 538 2847 696 2926; x_wconf 88' lang='lat' dir='ltr'><strong>animus</strong></span> <span class='ocrx_word' id='word_1_167' title='bbox 714 2846 792 2925; x_wconf 91' lang='lat' dir='ltr'><strong>nisi</strong></span> <span class='ocrx_word' id='word_1_168' title='bbox 811 2872 1003 2952; x_wconf 76' lang='lat' dir='ltr'><strong>compage</strong></span> <span class='ocrx_word' id='word_1_169' title='bbox 1024 2846 1181 2925; x_wconf 87' lang='lat' dir='ltr'><strong>solutus</strong></span> <span class='ocrx_word' id='word_1_170' title='bbox 1199 2848 1398 2952; x_wconf 83' lang='lat' dir='ltr'><strong>corporis,</strong></span> <span class='ocrx_word' id='word_1_171' title='bbox 1419 2846 1525 2926; x_wconf 86' lang='lat' dir='ltr'><strong>liber</strong></span> <span class='ocrx_word' id='word_1_172' title='bbox 1544 2865 1657 2926; x_wconf 85' lang='lat' dir='ltr'><strong>aeter·</strong></span> <span class='ocrx_word' id='word_1_173' title='bbox 1700 2861 1706 2872; x_wconf 82' lang='lat'><strong>‘</strong></span> 
     </span>
     <span class='ocr_line' id='line_1_20' title="bbox 292 2964 1673 3078; baseline -0.007 -24"><span class='ocrx_word' id='word_1_174' title='bbox 292 2973 416 3054; x_wconf 86' lang='lat' dir='ltr'><strong>nitate</strong></span> <span class='ocrx_word' id='word_1_175' title='bbox 442 2970 661 3078; x_wconf 79' lang='lat' dir='ltr'><strong>potiatur.»</strong></span> <span class='ocrx_word' id='word_1_176' title='bbox 690 2968 821 3048; x_wconf 75' lang='lat' dir='ltr'><strong>posita</strong></span> <span class='ocrx_word' id='word_1_177' title='bbox 855 2968 981 3072; x_wconf 85' lang='lat' dir='ltr'><strong>igitur</strong></span> <span class='ocrx_word' id='word_1_178' title='bbox 1017 2965 1305 3073; x_wconf 73' lang='lat' dir='ltr'><strong>metaphysica,</strong></span> <span class='ocrx_word' id='word_1_179' title='bbox 1340 2992 1466 3076; x_wconf 89' lang='lat' dir='ltr'><strong>quam</strong></span> <span class='ocrx_word' id='word_1_180' title='bbox 1498 2964 1673 3068; x_wconf 78' lang='lat' dir='ltr'><strong>dicunt„</strong></span> 
     </span>
     <span class='ocr_line' id='line_1_21' title="bbox 294 3085 1662 3188; baseline -0.005 -15"><span class='ocrx_word' id='word_1_181' title='bbox 294 3093 536 3174; x_wconf 87' lang='lat' dir='ltr'><strong>certitudine</strong></span> <span class='ocrx_word' id='word_1_182' title='bbox 563 3091 615 3174; x_wconf 85' lang='lat' dir='ltr'><strong>de</strong></span> <span class='ocrx_word' id='word_1_183' title='bbox 642 3090 778 3171; x_wconf 87' lang='lat' dir='ltr'><strong>Animi</strong></span> <span class='ocrx_word' id='word_1_184' title='bbox 813 3085 1114 3167; x_wconf 81' lang='lat' dir='ltr'><strong>immortalitate</strong></span> <span class='ocrx_word' id='word_1_185' title='bbox 1145 3087 1344 3165; x_wconf 81' lang='lat' dir='ltr'><strong>existimat</strong></span> <span class='ocrx_word' id='word_1_186' title='bbox 1373 3086 1496 3188; x_wconf 86' lang='lat' dir='ltr'><strong>Cato,</strong></span> <span class='ocrx_word' id='word_1_187' title='bbox 1525 3085 1662 3166; x_wconf 88' lang='lat' dir='ltr'><strong>solum</strong></span> 
     </span>
     <span class='ocr_line' id='line_1_22' title="bbox 294 3204 1713 3351; baseline -0.005 -56"><span class='ocrx_word' id='word_1_188' title='bbox 294 3215 410 3296; x_wconf 89' lang='lat' dir='ltr'><strong>illum</strong></span> <span class='ocrx_word' id='word_1_189' title='bbox 436 3238 561 3322; x_wconf 89' lang='lat' dir='ltr'><strong>quem</strong></span> <span class='ocrx_word' id='word_1_190' title='bbox 589 3239 675 3291; x_wconf 91' lang='lat' dir='ltr'><strong>non</strong></span> <span class='ocrx_word' id='word_1_191' title='bbox 704 3211 900 3319; x_wconf 90' lang='lat' dir='ltr'><strong>poenitere</strong></span> <span class='ocrx_word' id='word_1_192' title='bbox 928 3207 1076 3288; x_wconf 85' lang='lat' dir='ltr'><strong>debeat</strong></span> <span class='ocrx_word' id='word_1_193' title='bbox 1106 3207 1198 3351; x_wconf 47' lang='lat' dir='ltr'><strong>vite</strong></span> <span class='ocrx_word' id='word_1_194' title='bbox 1227 3221 1318 3285; x_wconf 90' lang='lat' dir='ltr'><strong>ante</strong></span> <span class='ocrx_word' id='word_1_195' title='bbox 1357 3222 1471 3305; x_wconf 77' lang='lat' dir='ltr'><strong>actae,</strong></span> <span class='ocrx_word' id='word_1_196' title='bbox 1499 3233 1660 3316; x_wconf 87' lang='lat' dir='ltr'><strong>sperare</strong></span> <span class='ocrx_word' id='word_1_197' title='bbox 1709 3204 1713 3217; x_wconf 78' lang='grc'><strong>’</strong></span> 
     </span>
     <span class='ocr_line' id='line_1_23' title="bbox 296 3326 1759 3447; baseline -0.005 -31"><span class='ocrx_word' id='word_1_198' title='bbox 296 3364 413 3447; x_wconf 87' lang='lat' dir='ltr'><strong>posse</strong></span> <span class='ocrx_word' id='word_1_199' title='bbox 442 3336 555 3436; x_wconf 80' lang='lat' dir='ltr'><strong>fore,</strong></span> <span class='ocrx_word' id='word_1_200' title='bbox 586 3350 634 3414; x_wconf 90' lang='lat' dir='ltr'><strong>ut</strong></span> <span class='ocrx_word' id='word_1_201' title='bbox 670 3329 886 3441; x_wconf 85' lang='lat' dir='ltr'><strong>aliquando</strong></span> <span class='ocrx_word' id='word_1_202' title='bbox 915 3326 1144 3408; x_wconf 82' lang='lat' dir='ltr'><strong>felicitatem</strong></span> <span class='ocrx_word' id='word_1_203' title='bbox 1173 3342 1363 3408; x_wconf 80' lang='lat' dir='ltr'><strong>aeternam</strong></span> <span class='ocrx_word' id='word_1_204' title='bbox 1393 3328 1659 3409; x_wconf 87' lang='lat' dir='ltr'><strong>nanciscatur.</strong></span> <span class='ocrx_word' id='word_1_205' title='bbox 1752 3341 1759 3349; x_wconf 80' lang='grc'><strong><em>’</em></strong></span> 
     </span>
     <span class='ocr_line' id='line_1_24' title="bbox 297 3449 1659 3566; baseline -0.006 -30"><span class='ocrx_word' id='word_1_206' title='bbox 297 3458 441 3563; x_wconf 77' lang='lat' dir='ltr'><strong>«Quid</strong></span> <span class='ocrx_word' id='word_1_207' title='bbox 468 3455 582 3566; x_wconf 90' lang='lat' dir='ltr'><strong>quod</strong></span> <span class='ocrx_word' id='word_1_208' title='bbox 608 3453 923 3562; x_wconf 88' lang='lat' dir='ltr'><strong>sapientissimus</strong></span> <span class='ocrx_word' id='word_1_209' title='bbox 950 3451 1124 3562; x_wconf 88' lang='lat' dir='ltr'><strong>quisque</strong></span> <span class='ocrx_word' id='word_1_210' title='bbox 1150 3450 1380 3559; x_wconf 85' lang='lat' dir='ltr'><strong>aequissimo</strong></span> <span class='ocrx_word' id='word_1_211' title='bbox 1407 3449 1543 3528; x_wconf 87' lang='lat' dir='ltr'><strong>animo</strong></span> <span class='ocrx_word' id='word_1_212' title='bbox 1570 3474 1659 3528; x_wconf 89' lang='lat' dir='ltr'><strong>mo·</strong></span> 
     </span>
     <span class='ocr_line' id='line_1_25' title="bbox 300 3568 1660 3682; baseline -0.01 -22"><span class='ocrx_word' id='word_1_213' title='bbox 300 3582 436 3678; x_wconf 75' lang='lat' dir='ltr'><strong>titur,</strong></span> <span class='ocrx_word' id='word_1_214' title='bbox 460 3579 718 3658; x_wconf 88' lang='lat' dir='ltr'><strong>stultissimus</strong></span> <span class='ocrx_word' id='word_1_215' title='bbox 745 3572 1034 3682; x_wconf 65' lang='lat' dir='ltr'><strong>iniquissimo?</strong></span> <span class='ocrx_word' id='word_1_216' title='bbox 1058 3573 1207 3651; x_wconf 89' lang='lat' dir='ltr'><strong>Nonne</strong></span> <span class='ocrx_word' id='word_1_217' title='bbox 1235 3569 1352 3649; x_wconf 86' lang='lat' dir='ltr'><strong>vobis</strong></span> <span class='ocrx_word' id='word_1_218' title='bbox 1381 3568 1543 3648; x_wconf 81' lang='lat' dir='ltr'><strong>videtur</strong></span> <span class='ocrx_word' id='word_1_219' title='bbox 1573 3571 1660 3646; x_wconf 87' lang='lat' dir='ltr'><strong>ani·</strong></span> 
     </span>
     <span class='ocr_line' id='line_1_26' title="bbox 303 3686 1661 3808; baseline -0.013 -28"><span class='ocrx_word' id='word_1_220' title='bbox 303 3701 446 3780; x_wconf 87' lang='lat' dir='ltr'><strong>musis</strong></span> <span class='ocrx_word' id='word_1_221' title='bbox 465 3701 537 3808; x_wconf 92' lang='lat' dir='ltr'><strong>qui</strong></span> <span class='ocrx_word' id='word_1_222' title='bbox 554 3698 646 3804; x_wconf 90' lang='lat' dir='ltr'><strong>plus</strong></span> <span class='ocrx_word' id='word_1_223' title='bbox 663 3711 799 3776; x_wconf 88' lang='lat' dir='ltr'><strong>cernat</strong></span> <span class='ocrx_word' id='word_1_224' title='bbox 816 3710 856 3773; x_wconf 89' lang='lat' dir='ltr'><strong>et</strong></span> <span class='ocrx_word' id='word_1_225' title='bbox 873 3693 1056 3797; x_wconf 80' lang='lat' dir='ltr'><strong>longius,</strong></span> <span class='ocrx_word' id='word_1_226' title='bbox 1074 3689 1234 3787; x_wconf 83' lang='lat' dir='ltr'><strong>videre,</strong></span> <span class='ocrx_word' id='word_1_227' title='bbox 1250 3716 1293 3768; x_wconf 88' lang='lat' dir='ltr'><strong>se</strong></span> <span class='ocrx_word' id='word_1_228' title='bbox 1309 3686 1361 3768; x_wconf 87' lang='lat' dir='ltr'><strong>ad</strong></span> <span class='ocrx_word' id='word_1_229' title='bbox 1381 3687 1661 3794; x_wconf 76' lang='lat' dir='ltr'><strong>meliorapro·</strong></span> 
     </span>
     <span class='ocr_line' id='line_1_27' title="bbox 298 3805 1656 3922; baseline -0.013 -24"><span class='ocrx_word' id='word_1_230' title='bbox 298 3819 421 3900; x_wconf 84' lang='lat' dir='ltr'><strong>ficisci</strong></span> <span class='ocrx_word' id='word_1_231' title='bbox 441 3846 452 3914; x_wconf 92' lang='lat'>;</span> <span class='ocrx_word' id='word_1_232' title='bbox 473 3817 542 3897; x_wconf 85' lang='lat' dir='ltr'><strong>ille</strong></span> <span class='ocrx_word' id='word_1_233' title='bbox 574 3833 730 3920; x_wconf 82' lang='lat' dir='ltr'><strong>autem,</strong></span> <span class='ocrx_word' id='word_1_234' title='bbox 761 3814 874 3922; x_wconf 88' lang='lat' dir='ltr'><strong>cujus</strong></span> <span class='ocrx_word' id='word_1_235' title='bbox 901 3813 1085 3894; x_wconf 89' lang='lat' dir='ltr'><strong>obtusior</strong></span> <span class='ocrx_word' id='word_1_236' title='bbox 1110 3813 1165 3890; x_wconf 88' lang='lat' dir='ltr'><strong>sit</strong></span> <span class='ocrx_word' id='word_1_237' title='bbox 1187 3811 1318 3912; x_wconf 74' lang='lat' dir='ltr'><strong>acies,</strong></span> <span class='ocrx_word' id='word_1_238' title='bbox 1338 3835 1425 3888; x_wconf 90' lang='lat' dir='ltr'><strong>non</strong></span> <span class='ocrx_word' id='word_1_239' title='bbox 1452 3805 1656 3890; x_wconf 71' lang='lat' dir='ltr'><strong>siderei»</strong></span> 
     </span>
    </p>
   </div>
   <div class='ocr_carea' id='block_1_3' title="bbox 301 3934 601 4048">
    <p class='ocr_par' dir='ltr' id='par_1_3' title="bbox 301 3934 601 4048">
     <span class='ocr_line' id='line_1_28' title="bbox 301 3934 601 4048; baseline -0.02 -26"><span class='ocrx_word' id='word_1_240' title='bbox 301 3940 394 4048; x_wconf 76' lang='lat' dir='ltr'><strong>cap.</strong></span> <span class='ocrx_word' id='word_1_241' title='bbox 414 3937 477 4022; x_wconf 75' lang='lat'><strong>23.</strong></span> <span class='ocrx_word' id='word_1_242' title='bbox 495 3934 601 4038; x_wconf 83' lang='lat'>§-83.</span> 
     </span>
    </p>
   </div>
   <div class='ocr_carea' id='block_1_4' title="bbox 348 4233 1498 4330">
    <p class='ocr_par' dir='ltr' id='par_1_4' title="bbox 348 4183 1498 4330">
     <span class='ocr_line' id='line_1_29' title="bbox 348 4233 1498 4330; baseline -0.002 -24"><span class='ocrx_word' id='word_1_243' title='bbox 348 4239 395 4330; x_wconf 83' lang='lat'><strong>(1)</strong></span> <span class='ocrx_word' id='word_1_244' title='bbox 418 4241 536 4306; x_wconf 78' lang='lat' dir='ltr'><strong>Pmro</strong></span> <span class='ocrx_word' id='word_1_245' title='bbox 547 4235 844 4328; x_wconf 74' lang='lat' dir='ltr'><strong>inl’haedonepag.</strong></span> <span class='ocrx_word' id='word_1_246' title='bbox 857 4238 912 4325; x_wconf 81' lang='lat'><strong>67.</strong></span> <span class='ocrx_word' id='word_1_247' title='bbox 926 4235 963 4301; x_wconf 88' lang='lat' dir='ltr'><strong>B.</strong></span> <span class='ocrx_word' id='word_1_248' title='bbox 980 4233 1149 4326; x_wconf 57' lang='lat' dir='ltr'><strong>&amp;stepha</strong></span> <span class='ocrx_word' id='word_1_249' title='bbox 1159 4259 1235 4328; x_wconf 74' lang='lat' dir='ltr'><strong>pag.</strong></span> <span class='ocrx_word' id='word_1_250' title='bbox 1253 4235 1306 4305; x_wconf 76' lang='lat'><strong>18.</strong></span> <span class='ocrx_word' id='word_1_251' title='bbox 1318 4235 1498 4326; x_wconf 79' lang='lat' dir='ltr'><strong>wyttenb.</strong></span> 
     </span>
    </p>
   </div>
   <div class='ocr_carea' id='block_1_5' title="bbox 347 4435 920 4550">
    <p class='ocr_par' dir='ltr' id='par_1_5' title="bbox 347 4435 920 4550">
     <span class='ocr_line' id='line_1_30' title="bbox 347 4435 920 4550; baseline -0.009 -42"><span class='ocrx_word' id='word_1_252' title='bbox 347 4443 396 4531; x_wconf 75' lang='lat' dir='ltr'><strong>(a)</strong></span> <span class='ocrx_word' id='word_1_253' title='bbox 419 4443 517 4508; x_wconf 78' lang='lat' dir='ltr'><strong>Tam.</strong></span> <span class='ocrx_word' id='word_1_254' title='bbox 536 4441 595 4507; x_wconf 82' lang='lat' dir='ltr'><strong>lx.</strong></span> <span class='ocrx_word' id='word_1_255' title='bbox 608 4462 683 4530; x_wconf 79' lang='lat' dir='ltr'><strong>pag.</strong></span> <span class='ocrx_word' id='word_1_256' title='bbox 697 4437 776 4550; x_wconf 46' lang='lat'><strong>557.</strong></span> <span class='ocrx_word' id='word_1_257' title='bbox 787 4435 920 4527; x_wconf 83' lang='lat' dir='ltr'><strong>Bipont.</strong></span> 
     </span>
    </p>
   </div>
   <div class='ocr_carea' id='block_1_6' title="bbox 0 0 2276 5860">
    <p class='ocr_par' dir='ltr' id='par_1_6' title="bbox 0 0 2276 5860">
     <span class='ocr_line' id='line_1_31' title="bbox 0 0 2276 5860; baseline 0 0"><span class='ocrx_word' id='word_1_258' title='bbox 0 0 2276 5860; x_wconf 95' lang='lat' dir='ltr'><strong> </strong></span> 
     </span>
    </p>
   </div>
  </div>
 </body>
</html>
