4517 5867
648 555 697 638 so
844 483 847 490 ¹
987 523 1216 616 amulam
1238 543 1301 614 nn
1323 542 1458 615 saun
1480 538 1734 614 nonum·

705 757 928 865 Campbora
947 783 969 834 e
989 758 1118 835 Lauro
1142 719 1625 861 Camphorbextrahitnr3
1645 745 1746 830 'acidi
1764 742 1945 851 sulfurioi
1961 745 2018 824 in·

651 879 840 959 termedio
854 880 895 958 in
914 875 1044 956 oleum
1063 875 1230 970 flavum,
1246 873 1455 954 carbonem
1467 888 1507 951 et
1519 871 1782 953 substantiam
1798 871 2017 952 resinosam

650 1000 741 1084 abit.
764 999 888 1108 Major
907 998 1026 1079 estin
1045 995 1259 1105 camphora
1279 993 1461 1076 carbonis
1484 991 1690 1102 proportio
1708 1019 1830 1098 quam
1848 992 1890 1072 in
1910 990 2016 1070 oleis.

701 1205 984 1285 Consideratur
1011 1227 1102 1281 cera
1128 1216 1175 1279 ut
1194 1199 1327 1280 oleum
1358 1197 1485 1278 fixum
1512 1210 1801 1307 oxygenatum‚
1816 1210 1862 1275 ‘ct
1887 1193 2016 1274 resina

646 1343 693 1406 ut
703 1329 841 1408 ‘oleum
859 1324 1019 1406 volatile
1032 1323 1229 1432 oxygonio
1247 1339 1492 1420 saturatum,
1509 1337 1549 1401 et
1571 1335 1683 1430 parte
1704 1314 2019 1426 suihydrogcnii

648 1447 842 1529 orbatum.
862 1445 1014 1526 Resinae
1032 1462 1173 1556 sponte
1194 1475 1244 1526 ex
1261 1443 1472 1528 arboribus
1489 1439 1892 1544 exsudant‚incisuri
1918 1463 2020 1546 qno·

648 1595 726 1677 qne
753 1567 893 1652 fluunt.

578 1815 579 1822 κ
704 1773 906 1854 Tlromson
928 1775 1068 1855 asserit
1097 1772 1421 1884 gummi-resinat
1448 1770 1601 1886 gummi
1616 1769 1680 1850 vel
1701 1764 1922 1848 substantia
1952 1794 2022 1848 ex·

648 1895 815 1978 tractat
834 1913 873 1978 et
894 1889 1057 2006 corpora
1074 1896 1308 1980 intermedio
1321 1895 1423 1979 inter
1444 1897 1575 1976 oleum
1589 1909 1629 1974 et
1640 1891 1814 1973 resinam
1830 1904 2021 1971 constare.

649 2019 817 2097 Gummi
834 2020 1089 2105 Ammoniaco
1105 2036 1261 2108 constat
1277 2019 1425 2126 resina,
1440 2017 1625 2122 Gummi,
1643 2013 1808 2100 material
1826 2011 2022 2124 glutinosa

646 2153 686 2216 et
703 2140 816 2246 aqui.

703 2319 1041 2427 Compositioncm
1056 2328 1231 2428 partium
1242 2327 1524 2429 vegetabilium
1532 2335 1641 2398 'nunc
1653 2315 1855 2429 attingam.
1866 2319 2023 2400 Humor

649 2439 881 2551 vegetabilis
904 2469 1060 2550 semper
1082 2441 1241 2522 acidum
1266 2442 1462 2546 continet,
1485 2441 1932 2552 quandoquelibernm,
1953 2439 2023 2523 'sed

649 2562 791 2672 saepius
807 2563 1062 2670 conjunctum
1078 2591 1172 2643 cum
1184 2564 1288 2645 calce
1306 2581 1346 2644 et
1359 2579 1536 2672 potassa3
1559 2564 1714 2646 diversa
1734 2591 1892 2672 quoque
1910 2564 2024 2674 prin·

649 2685 753 2794 cipia
770 2698 816 2764 ut
833 2685 1065 2766 saccharum
1085 2702 1124 2765 ct
1142 2686 1419 2799 mucilaginem
1439 2686 1712 2795 complectitur
1730 2689 1770 2764 e't
1784 2685 2024 2794 quandoque

618 2897 627 2902 -
649 2805 834 2886 ⁸lh¹¹m⁰¹¹
852 2822 892 2884 ‘t
908 2806 1064 2914 &lutens
1081 2808 1164 2887 imo
1185 2807 1404 2888 tanninum.
1424 2808 1623 2916 Muoilago
1638 2807 1797 2888 videtur
1810 2809 2023 2917 praevalere

568 2973 572 2981 ¹
648 2931 691 3010 in
713 2926 841 3006 succis
858 2928 1041 3030 propriis.
1062 2927 1280 2998 cambium
1297 2928 1464 3000 omnim
1482 2929 1815 3030 quflggnm
1834 2945 1906 3006 m·
1932 2940 1936 2950 ·

675 3240 683 3257 .
703 3121 784 3200 Atr
802 3119 845 3200 in
862 3119 1009 3236 plantis
1031 3105 1239 3205 contentus
1259 3124 1359 3211 nihil
1372 3129 1480 3214 aliud
1498 3146 1692 3243 estquam
1707 3139 1777 3218 air
1794 3141 2022 3252 atmosphae

651 3267 757 3330 ricus
775 3269 855 3324 non
872 3257 1071 3348 mutatus,
1091 3245 1329 3360 quandoque
1345 3268 1459 3360 parte
1475 3258 1663 3366 oxygonii
1679 3278 1832 3348 exutus.

704 3438 851 3526 Omnia
875 3437 956 3524 lere
974 3443 1169 3552 principia
1189 3445 1422 3558 vegetabilia
1437 3448 1480 3530 in
1503 3449 1621 3560 lignis
1642 3468 1682 3534 et
1700 3453 1897 3537 radicibus
1917 3485 2022 3568 repe·

652 3560 723 3650 riri
741 3558 948 3656 debebunt.
968 3564 1138 3676 Analysi
1151 3565 1296 3655 radicis
1305 3569 1585 3677 Ipecaouanbae
1598 3569 1857 3656 obtinuerunt
1874 3580 2024 3685 oleum,

652 3685 884 3788 emelinam,
902 3713 1052 3788 ceram,
1070 3689 1245 3810 gummi,
1262 3690 1444 3798 amylum
1463 3708 1504 3774 et
1516 3694 1720 3804 ligninum.
1735 3698 1904 3810 Lignum
1918 3728 2024 3782 com-

651 3807 812 3914 ponitur
833 3809 973 3920 magnb
996 3839 1044 3890 ex
1063 3829 1175 3919 parte
1198 3810 1297 3892 fibra
1314 3813 1487 3925 lignosa,
1505 3844 1595 3927 quae
1618 3818 1720 3900 acidi
1741 3821 1872 3903 nitr'ici
1895 3823 2022 3904 inter-

652 3927 783 4014 medio
793 3928 960 4011 in'acida
975 3932 1189 4034 oxalicum,
1204 3935 1386 4018 citricum
1401 3955 1441 4018 et
1453 3965 1524 4050 gas
1540 3957 1698 4030 azotum
1711 3958 1751 4025 et
1768 3942 2024 4028 carbonatem

653 4049 769 4140 calcis
788 4051 1097 4165 decomponitur.
1941 4056 1945 4066 ⁸

705 4277 870 4359 Materia
893 4280 1237 4390 parenchymatis‚
1260 4299 1300 4362 ot
1319 4281 1428 4362 succi
1452 4281 1495 4361 in
1519 4278 1730 4360 corticibus
1754 4281 1928 4360 contenti
1951 4280 2021 4359 ad·

544 4421 547 4428 '
653 4399 818 4479 modum
854 4403 1020 4482 variant.
1055 4403 1231 4504 Quidam
1257 4431 1298 4481 e.
1330 4431 1366 4510 g.
1398 4400 1790 4506 Quercus-Roboris
1831 4403 2019 4510 qualitate
