4517 5867
1010 615 1169 691 FRANG
1193 612 1283 687 ste.
1307 610 1601 686 scnotttnnr

1095 884 1287 967 SECTIO
1308 884 1516 968 TERTIA.
1533 939 1538 961 ,

627 1152 772 1231 Utinm
786 1150 922 1257 plures
942 1138 1129 1229 eamdem
1148 1177 1232 1228 rem
1253 1146 1490 1229 insolidum
1514 1141 1654 1225 eodem
1676 1160 1851 1253 tempore
1869 1151 1998 1255 possi·

725 1290 817 1369 dere
837 1292 1010 1413 possint,
1034 1308 1074 1371 et
1089 1294 1133 1371 in
1153 1288 1298 1398 quibus
1314 1288 1433 1369 distet
1449 1288 1639 1397 possessio
1664 1312 1696 1363 o
1714 1283 1924 1365 dommo?

672 1540 783 1617 Inter
792 1538 913 1619 JCtos
922 1540 1129 1617 Romanos
1146 1536 1322 1617 multum
1339 1536 1562 1617 alleviatam
1576 1534 1698 1615 fuisse
1713 1535 1995 1644 quaestionem,

622 1676 763 1739 utrum
781 1658 865 1739 duo
884 1677 1050 1767 possent
1072 1658 1259 1740 eamdem
1278 1686 1365 1739 rem
1383 1659 1530 1741 eodem
1548 1650 1733 1765 tempore
1757 1658 1801 1736 in
1823 1656 1998 1736 solidum

625 1780 773 1889 singuli
783 1781 1141 1889 possidere,nemo
1155 1786 1332 1891 ignorat3
1345 1800 1386 1863 et
1399 1782 1567 1893 quidem
1577 1808 1717 1862 omnes
1731 1808 1782 1861 ex
1792 1780 1999 1859 naturire

622 1930 716 1981 rum
735 1905 1049 2004 conveniebant,
1067 1905 1206 2013 plures
1225 1905 1409 1987 eamdem
1426 1934 1514 1986 rem
1533 1909 1578 1986 in
1598 1904 1773 1991 solidum
1792 1902 2000 2013 possidere

621 2046 709 2101 non
729 2049 870 2129 posse,
892 2044 1032 2107 contra
1050 2020 1236 2109 naturam
1251 2030 1406 2134 quippe
1428 2046 1513 2131 est,
1531 2048 1578 2110 ut
1597 2058 1726 2139 quum
1743 2054 1818 2134 ego
1844 2022 2002 2134 aliquid

620 2158 800 2241 teneam,
818 2158 866 2223 tu
885 2144 1119 2253 quoquedd
1132 2162 1272 2229 tenere
1291 2144 1466 2230 videaris
1480 2153 1523 2229 L.
1545 2147 1570 2229 3
1583 2209 1596 2250 ,
1609 2161 1636 2254 §
1653 2148 1677 2229 5
1697 2148 1738 2225 ff.
1749 2150 1789 2226 h.
1803 2163 1831 2226 t.
1843 2152 2001 2225 Atrero

623 2262 831 2343 Sabiniani
843 2265 1314 2378 putabant,principium
1335 2270 1439 2352 illud
1451 2271 1754 2351 distinctionem
1772 2266 2003 2364 admittere3

621 2412 718 2465 nam
736 2385 832 2467 licet
854 2414 939 2469 non
952 2410 1163 2497 negarent,
1182 2394 1320 2500 plures
1338 2394 1522 2473 eamdem
1540 2396 1715 2499 speciem
1737 2393 2003 2498 possessionis

621 2506 790 2616 alicujus
802 2512 862 2590 rei
876 2515 920 2589 in
937 2512 1116 2592 solidum
1131 2512 1279 2593 habere
1290 2541 1377 2595 non
1387 2538 1521 2621 posse,
1533 2530 1580 2589 ut
1599 2527 1756 2591 constat
1769 2540 1820 2591 ex
1838 2517 1882 2593 L.
1901 2542 1948 2620 19
1964 2512 2004 2592 ff.

625 2628 677 2708 de
685 2632 887 2737 precari03
899 2632 1099 2711 docebant
1106 2650 1258 2737 tamen,
1271 2614 1397 2713 alium
1407 2658 1525 2741 posse
1534 2629 1664 2709 videri
1671 2630 1780 2735 juste
1793 2632 2006 2737 possidere

623 2753 669 2829 in
695 2748 871 2837 solidum
895 2752 1040 2839 eodem
1063 2770 1270 2855 tempore,
1291 2782 1378 2857 quo
1400 2754 1505 2828 alius
1528 2748 1676 2855 injuste
1706 2749 1932 2856 possideret
1960 2757 2009 2837 in

626 2872 825 2969 solidum;
850 2873 949 2951 item
976 2872 1091 2968 enm,
1111 2870 1185 2979 qui
1204 2869 1501 2979 possessionem
1523 2870 1638 2950 alteri
1668 2874 1851 2981 precario
1877 2876 2006 2984 dedit,

625 3024 744 3101 posse
772 2994 902 3077 videri
925 2992 1097 3075 civiliter
1126 2991 1333 3101 possidere
1358 2994 1402 3071 in
1426 2991 1603 3073 solidum
1625 2992 1772 3074 eodem
1795 3014 2006 3108 tempore,

624 3142 708 3221 quo
737 3117 793 3215 is,
819 3116 891 3223 qui
916 3117 1072 3221 rogavit
1100 3116 1310 3223 precario,
1344 3112 1568 3223 possideret
1597 3116 1643 3193 in
1669 3114 1846 3197 solidum
1872 3124 1916 3199 L.
1942 3123 2004 3223 15,

515 3332 520 3343 ι
627 3232 768 3343 §dii
790 3234 840 3316 de
860 3240 1042 3343 precario
1056 3242 1098 3317 L.
1124 3237 1150 3319 3
1175 3266 1236 3347 pr.
1264 3238 1303 3317 ff.
1331 3240 1394 3339 pti
1418 3236 1566 3346 possid.
1592 3237 1831 3320 Proculeani
1851 3260 2004 3348 autem,

625 3363 699 3471 qui
719 3362 847 3469 magis
867 3358 1129 3441 conformiter
1156 3390 1296 3442 rerum
1315 3380 1470 3441 naturae
1488 3358 1747 3466 judicabant,
1767 3364 2004 3447 nullomodo

626 3483 928 3567 distinctionem
956 3484 1272 3566 Sabinianorum
1292 3484 1559 3581 admiserunt,
1578 3504 1829 3605 quapropter
1844 3515 2006 3567 omnem

627 3608 922 3712 possessionem
936 3606 1189 3711 denegabant
1205 3624 1246 3683 et
1266 3610 1326 3706 ei,
1345 3608 1417 3711 qui
1438 3607 1692 3712 possessione
1712 3606 1885 3712 dejectus
1902 3628 2005 3711 erat,

627 3729 747 3825 etei,
772 3730 844 3835 qui
874 3727 1169 3835 possessionem
1195 3750 1311 3803 suem
1335 3723 1450 3805 alteri
1472 3731 1654 3835 precario
1680 3726 1861 3824 dederat,
1886 3728 2005 3837 quod

537 3942 545 3958 .
630 3849 780 3928 evincit
796 3851 860 3928 cit.
871 3852 914 3928 L.
934 3846 1022 3951 3,§
1042 3844 1119 3927 tff.
1133 3845 1171 3923 h.
1190 3861 1235 3945 t,
1252 3844 1326 3924 nbi
1348 3847 1527 3930 dicitur:
1554 3853 1717 3931 Sturnos
1731 3848 1893 3949 scribit,
1908 3877 2006 3931 eum

630 3970 702 4078 qui
711 3972 893 4077 precario
907 3967 1081 4071 dederit,
1095 3970 1230 4075 ipsum
1241 3971 1468 4076 possidere,
1483 3992 1628 4055 etcum
1646 3973 1718 4080 qui
1732 3972 1918 4077 precario
1931 4000 2002 4053 ro·

630 4094 797 4201 gaverit;
811 4093 920 4174 idem
930 4096 1149 4172 Tarsensis
1159 4090 1357 4198 probabat
1374 4099 1618 4196 existimans,
1631 4116 1749 4200 posse
1761 4089 1885 4171 alium
1897 4094 2009 4203 juste

548 4256 553 4269 ·
633 4216 758 4297 alium
768 4215 914 4321 injuste
932 4200 1156 4325 possidere,
1169 4212 1274 4294 duos
1289 4213 1435 4322 injuste
1452 4215 1516 4295 vel
1531 4213 1636 4294 duos
1649 4214 1757 4325 juste
1771 4240 1858 4293 non
1869 4242 2008 4323 posse,

631 4364 757 4447 quem
769 4338 901 4418 Lasso
916 4340 1004 4452 (qui
1015 4354 1101 4419 erat
1109 4354 1226 4419 sectae
1233 4338 1515 4446 proculianeae)
1524 4337 1802 4446 reprehendit,
1811 4340 2003 4448 quoniam

635 4460 679 4539 in
687 4462 843 4543 summi
853 4463 1113 4572 possessionis
1121 4488 1207 4541 non
1214 4460 1390 4541 multum
1399 4462 1576 4565 interest,
1582 4461 1689 4570 juste
1698 4461 2004 4572 quisaninjuste
