4517 5867
342 659 817 748 ,conusurmoun
839 629 1183 753 ou'nsrtonsss
1206 662 1536 754 massanissa
1568 669 1615 744 ss

262 841 427 925 linenda
456 840 661 942 moribus,
683 843 756 954 qui
777 840 967 926 omnibus
993 843 1161 927 omniuo
1191 842 1374 925 aeuubus
1398 847 1480 929 sint
1515 877 1617 932 com·

260 992 411 1051 munta.

313 1090 389 1172 His
415 1107 550 1173 autem
580 1092 625 1172 in
651 1091 883 1170 universum
914 1087 1124 1196 disputatis
1152 1105 1193 1168 et
1217 1105 1422 1170 senectute
1449 1105 1538 1172 tum
1567 1120 1617 1176 ex

263 1213 409 1318 Quinti
428 1215 558 1294 Fabii
586 1211 839 1321 aliorumque
869 1212 1051 1291 virorum
1079 1208 1266 1292 laudibus
1295 1227 1385 1292 tum
1417 1213 1619 1320 exipsius

257 1336 404 1414 natura
429 1333 658 1446 questionis
686 1331 984 1433 commendati,
1006 1358 1149 1414 eorum
1175 1359 1265 1442 quae
1289 1349 1530 1415 tractaturus
1556 1351 1618 1415 est

258 1453 499 1545 diuisionem
515 1455 726 1564 proponit;
744 1457 787 1544 in
804 1483 886 1566 qua
904 1459 1079 1565 quatuor
1097 1453 1419 1557 adseveramus,
1439 1483 1511 1537 cur
1528 1457 1616 1565 ple-

255 1602 430 1689 rumque
447 1577 676 1660 leviusculis
691 1578 926 1662 hominibus
946 1580 1093 1660 misera
1112 1578 1296 1666 videatur
1321 1578 1457 1660 senilis
1486 1593 1579 1659 estas
1598 1607 1610 1656 ε

256 1727 413 1780 aunam
435 1699 547 1812 quod
572 1717 713 1783 avocet
729 1728 754 1780 a
770 1699 893 1808 rebus
913 1699 1119 1810 gerendis,
1136 1699 1300 1780 alteram
1326 1697 1439 1809 quod
1468 1725 1615 1806 corpus

253 1818 371 1902 iaciat
395 1821 618 1922 infirmius3
643 1825 802 1904 tertiam
824 1823 939 1932 quod
959 1823 1092 1931 privet
1113 1822 1304 1905 omnibus
1329 1820 1413 1903 lere
1438 1822 1616 1929 volupta-

252 1941 389 2043 tibus,
420 1961 608 2056 quartam
637 1945 751 2057 quod
780 1945 889 2028 haud
916 1944 1059 2055 procul
1080 1943 1186 2030 absit
1210 1973 1234 2028 a
1259 1959 1433 2024 morte.»
1454 1944 1551 2054 Cap.
1575 1943 1611 2025 5.

253 2081 353 2148 extr.
380 2065 461 2149 Sed
487 2068 600 2152 heile
626 2066 846 2150 admodum
879 2067 1054 2176 patebit,
1084 2067 1168 2147 haec
1204 2069 1372 2148 omnino
1404 2064 1487 2148 lere
1520 2093 1615 2148 cum

250 2182 333 2264 illis
345 2212 569 2294 congruere
593 2215 684 2298 quas
700 2190 826 2268 modo
848 2187 1046 2296 dlsputata
1069 2205 1165 2269 sunt
1188 2204 1327 2268 contra
1351 2213 1421 2268 eos
1448 2189 1520 2298 qui
1542 2188 1613 2267 de·

251 2305 415 2414 plorare
450 2307 636 2388 solebant
667 2323 933 2409 senectam,
963 2308 1059 2426 quin
1087 2323 1240 2392 careret
1270 2306 1544 2413 voluptatibus
1574 2323 1616 2390 et

251 2425 431 2509 efficeret
465 2444 512 2508 ut
542 2426 595 2508 ab
628 2425 717 2506 aliis
747 2425 1053 2534 despiceremus.
1090 2427 1366 2537 Quacumque
1398 2428 1522 2534 igitur
1550 2457 1613 2514 se·

249 2563 436 2655 qurumm
459 2565 665 2658 tamquam
683 2545 851 2629 uberior
867 2547 1112 2656 explanatio,
1140 2548 1258 2627 sicuti
1281 2547 1365 2658 jam
1387 2566 1480 2633 ente
1507 2550 1612 2634 dixi·

251 2697 364 2774 mus,
389 2697 534 2752 eorum
559 2695 652 2781 quaa
682 2666 934 2778 paecedunt,
961 2683 1060 2764 ‚sunt
1093 2666 1393 2779 consideranda.
1426 2671 1532 2756 Nam
1566 2675 1612 2754 in

251 2808 426 2901 quatuor
448 2791 528 2871 illis
552 2791 784 2870 memoratis
811 2790 957 2870 caussis
986 2788 1186 2894 sigillatim
1214 2789 1464 2876 confirtandis
1490 2813 1611 2907 atque

244 2910 520 3022 *infringendis
538 2909 693 3022 reliqua
708 2925 793 2990 tota
809 2908 1059 2992 consumitur
1075 2907 1302 3016 disputatio.
