4517 5867
621 628 868 701 nrsrousm
891 636 956 702 an
979 636 1143 722 Quffisr.
1169 640 1312 709 ruem.
1620 647 1666 741 95

304 811 421 909 ratio,
433 836 506 887 cur
516 810 870 917 potiuspossessor
882 816 1177 919 possessionem
1194 844 1324 919 suam,
1336 848 1460 930 quam
1478 822 1668 905 dominus

302 958 414 1013 suam
434 933 668 1015 servitutem
686 936 813 1043 possit
832 935 972 1014 hocin
993 963 1085 1017 casu
1104 941 1240 1024 animo
1261 946 1445 1026 retinere.
1539 994 1547 1005 ·

761 1251 952 1343 suerro
975 1252 1193 1357 Qumm.

689 1514 753 1593 De
781 1513 997 1595 commodis
1013 1517 1277 1623 possessiones.

330 1880 333 1883 -
358 1823 580 1907 Commoda
600 1826 862 1933 possessionis
884 1843 979 1906 sunt
1002 1826 1205 1937 duplicia,
1230 1829 1305 1909 alia
1325 1829 1405 1939 ,soli
1432 1828 1549 1911 bonae
1576 1830 1670 1910 fidei

304 1951 522 2058 possessori
541 1965 796 2057 competunt,
816 1948 892 2028 alia
911 1977 1004 2029 cum
1023 1951 1141 2029 bonae
1157 1968 1246 2031 tum
1263 1951 1377 2030 malae
1398 1951 1492 2031 fidei
1515 1980 1671 2059 posses-

305 2073 385 2151 sori
415 2086 659 2177 competunt.
689 2071 933 2174 Incipiamus
968 2072 1018 2147 de
1051 2072 1277 2152 commodis
1303 2073 1565 2181 possessionis
1597 2072 1672 2151 soli

306 2192 425 2269 bonae
443 2189 537 2269 fidei
556 2191 776 2297 possessori
798 2191 1130 2298 competentibus.

308 2500 314 2511 ,
356 2420 467 2496 Inter
480 2416 693 2496 commoda
712 2418 974 2523 possessionis
990 2417 1064 2497 soli
1082 2417 1202 2496 bonae
1216 2416 1310 2498 fidei
1324 2417 1543 2526 possessori
1561 2438 1672 2494 com·

303 2540 479 2646 petentia
496 2540 675 2646 primum
691 2556 769 2639 est,
787 2539 900 2647 quod
914 2558 1115 2647 tempore,
1130 2539 1242 2648 quod
1263 2538 1315 2618 ad
1333 2538 1673 2645 praescriptionem

304 2660 517 2742 definitum
538 2679 618 2765 est,
637 2660 840 2769 completo
860 2660 1088 2743 dominium
1106 2659 1266 2771 adjiciat
1283 2660 1515 2771 possessori.

358 2886 540 2967 Alterum
552 2887 674 2968 bonae
687 2888 781 2965 fidei
794 2882 1055 2995 possessionis
1069 2876 1330 2959 commodum
1345 2878 1527 2957 consistit
1542 2881 1587 2957 in
1606 2908 1677 2981 eo,

288 3003 436 3117 quod,
457 3005 491 3081 si
514 3003 608 3111 quis
628 3000 737 3081 bond
755 3000 835 3081 fide
854 3018 895 3082 et
910 3002 1020 3110 justo
1043 3001 1162 3081 titulo
1187 3001 1481 3109 possessionem
1503 3002 1677 3110 acquisi·
1731 3066 1737 3080 .

306 3145 387 3207 tam
415 3152 509 3204 casu
536 3129 717 3224 amittat,
749 3141 967 3232 antequam
994 3152 1080 3203 rem
1107 3125 1411 3233 praescripserit,
1437 3126 1563 3232 possit
1590 3150 1677 3203 eam

286 3270 608 3356 ¹equocumque
637 3244 825 3325 debiliori
851 3245 941 3352 jure
967 3246 1197 3354 possidente
1226 3273 1466 3355 recuperare
1494 3248 1678 3344 actione,

308 3397 396 3480 quae
406 3370 517 3449 venit
531 3367 581 3449 de
594 3372 618 3446 J
621 3396 691 3448 ure
706 3371 890 3447 Romano
902 3370 1068 3448 nomine
1082 3372 1249 3449 actionis
1262 3370 1512 3476 publicianae.
1523 3368 1678 3444 Verum

309 3491 475 3601 quidem
495 3507 577 3592 est,
597 3490 711 3600 quod
728 3491 869 3570 Codex
888 3519 940 3569 ne
960 3491 1132 3571 verbum
1152 3490 1202 3572 de
1220 3492 1296 3568 hae
1313 3488 1478 3578 habeat3
1499 3502 1679 3587 atvero,

308 3636 401 3690 cum
420 3613 502 3691 haec
520 3614 646 3713 aetio,
666 3630 713 3692 ut
731 3614 813 3692 fere
835 3616 1165 3693 omnesactiones
1184 3610 1451 3720 praetorianae,
1468 3605 1679 3715 principiis

310 3734 506 3840 aequitatis
532 3732 745 3837 fundetur,
766 3763 852 3815 non
876 3734 1129 3831 dubitamus,
1153 3734 1255 3839 quin
1278 3731 1362 3808 haec
1383 3729 1486 3807 aetio
1508 3727 1560 3806 de
1583 3729 1679 3805 Jure

312 3852 520 3932 Hodierno
544 3881 709 3963 quoque
732 3856 811 3935 sibi
832 3856 1012 3934 vindicet
1036 3854 1182 3932 locum.
1210 3851 1413 3930 Caeterum
1439 3848 1525 3927 haec
1550 3848 1682 3946 actio,

314 4002 407 4053 cum
432 3978 483 4053 sit
504 4002 598 4055 vera
620 3978 725 4055 aetio
754 3977 958 4083 praetoria,
983 3973 1204 4053 necessaria
1225 3999 1310 4052 non
1334 3988 1396 4051 est
1417 3972 1500 4051 nisi
1526 3970 1587 4069 ei,
1615 3968 1680 4046 cui

314 4098 416 4173 actio
442 4100 683 4197 possessorio
707 4099 839 4190 deest3
860 4095 969 4173 unda
990 4098 1023 4175 si
1052 4100 1151 4205 quis
1169 4096 1419 4203 possessione
1447 4092 1589 4172 amissa
1619 4088 1682 4166 ha·

317 4214 387 4293 bet
407 4212 538 4291 adhuc
567 4216 764 4293 actionem
789 4219 1097 4321 possessorium,
1121 4219 1155 4296 si
1180 4219 1232 4296 sit
1253 4219 1330 4324 ipsi
1355 4214 1488 4294 adbuc
1515 4210 1681 4291 facultas

320 4335 464 4439 agendi
483 4338 725 4441 possessorio
748 4336 894 4437 modo,
913 4336 1105 4419 fluctuare
1125 4367 1209 4417 non
1230 4338 1371 4437 debet,
1384 4351 1431 4413 ut
1447 4334 1525 4413 hoc
1544 4334 1679 4441 potius

321 4473 458 4535 utatur
474 4456 652 4538 remedio
672 4486 792 4566 quarn
812 4460 876 4539 vis
894 4462 1060 4540 actionis
1079 4460 1330 4568 publicianae,
1341 4456 1513 4565 eoquod
1531 4458 1574 4535 in
1588 4480 1679 4562 pos-
