4517 5867
683 560 1363 691 nssrous1osnoursr.son1n.
1661 610 1710 701 40
1748 561 1752 567 ⁴

332 811 401 891 ille
421 836 507 890 non
529 811 607 890 erit
628 809 797 918 adeptus
816 804 1125 914 possessionem,
1148 802 1419 910 repossidere
1435 802 1604 884 desinas.
1628 802 1709 885 Sed

329 934 408 1015 boe
429 935 543 1038 ideo,
565 932 759 1045 quiahoc
785 932 891 1038 ipso,
912 950 996 1031 qno
1014 921 1057 999 in
1076 948 1173 1003 eum
1188 927 1404 1010 transferre
1422 929 1587 1011 voluisti
1611 956 1706 1038 pos.

329 1060 571 1157 sessionem,
594 1055 776 1139 eamdem
798 1046 980 1127 amittere
999 1045 1186 1149 voluisti,
1203 1047 1292 1125 sine
1310 1048 1446 1129 animo
1465 1071 1706 1163 autempos·

328 1182 452 1261 sessio
480 1210 574 1261 non.
591 1174 843 1253 retinetnrb
869 1198 937 1278 17,
956 1168 982 1263 §
1007 1196 1021 1247 1
1049 1166 1089 1246 ff.
1112 1168 1212 1269 h.t.,
1229 1168 1339 1249 unde
1362 1198 1452 1250 eam
1469 1175 1705 1281 simpliciter

332 1306 514 1381 amittere
536 1297 723 1393 voluisti,
742 1322 817 1373 nee
844 1294 1012 1403 potuisti
1042 1290 1347 1398 subintelligere
1373 1294 1476 1379 banc
1502 1296 1704 1378 conditio.

331 1418 649 1519 nemsi-furioso
660 1418 939 1527 acquireretur
949 1417 1271 1526 possessio,cu1n
1279 1416 1705 1530 nondubitares,quin
1834 1462 1839 1471 ¹

329 1571 416 1625 eam
436 1541 635 1627 tradendo
654 1543 890 1653 acquireret.

381 1792 534 1872 Verum
552 1810 687 1874 autem
706 1788 925 1900 cujuslibet·
941 1788 1170 1870 traditionis
1183 1790 1348 1873 effeetus
1359 1818 1446 1871 non
1466 1808 1547 1889 est,
1564 1807 1613 1870 ut
1630 1818 1704 1900 per

328 1940 422 2003 earn
435 1920 729 2025 possessionem
746 1916 994 2018 amittamus,
1015 1913 1087 1995 sed
1107 1933 1147 1995 et
1167 1933 1329 2025 oportet
1347 1942 1435 1995 eem
1454 1916 1542 1995 fieri
1559 1916 1610 1995 ab
1632 1943 1704 2018 eo,

326 2041 399 2146 qui
412 2040 583 2121 liberam
595 2068 733 2123 rerum
750 2066 914 2118 suerum
932 2038 1323 2123 administrationem
1343 2041 1479 2145 hebet,
1496 2052 1702 2153 quaprop-

329 2176 392 2237 ter
411 2189 458 2240 ex
478 2166 520 2241 L.
538 2190 578 2242 11
595 2162 635 2240 ff.
657 2160 707 2241 de
729 2189 813 2272 aeq.
832 2188 907 2240 rer.
928 2160 1035 2240 dom.
1058 2163 1238 2271 pupillus
1250 2166 1426 2245 alienare
1442 2165 1596 2245 nullam
1615 2192 1702 2244 rem

252 2380 254 2385 λ
328 2299 463 2389 potest
482 2286 559 2363 nisi
587 2302 723 2365 tutore
745 2300 929 2375 numere,
956 2300 998 2356 et
1015 2312 1068 2356 ne
1092 2285 1262 2388 quidem
1291 2289 1586 2389 possessionem
1612 2312 1703 2393 quae

327 2418 387 2481 est
409 2400 609 2481 naturalis.
631 2402 775 2515 Neque
799 2400 894 2481 huic
915 2399 1063 2499 obstat,
1083 2401 1197 2509 quod
1218 2404 1263 2481 in
1287 2403 1331 2483 L.
1360 2430 1413 2511 29
1433 2402 1472 2482 ff.
1494 2404 1578 2483 h.t
1601 2404 1701 2486 dici-

326 2540 412 2625 tur,
434 2524 731 2634 possessionem
758 2522 960 2631 pupillum
978 2525 1064 2603 sine
1086 2525 1233 2606 tutoris
1252 2527 1491 2606 auctoritate
1518 2530 1712 2625 amittere¹

325 2674 465 2756 posse3
484 2676 579 2727 nam
598 2648 684 2727 haec
701 2647 766 2727 lex
782 2674 868 2725 non
887 2644 937 2726 de
960 2648 1229 2756 possessione,
1248 2647 1318 2728 sed
1339 2646 1389 2728 de
1411 2650 1610 2757 corporali
1628 2649 1700 2729 de·

325 2774 525 2875 tentione,
537 2793 660 2882 quam
677 2770 767 2849 luce
784 2769 928 2850 clarius
947 2771 1125 2878 pupillus
1144 2775 1328 2851 emittere
1343 2789 1477 2881 potest
1490 2774 1577 2855 sine
1596 2790 1700 2853 tuto·

326 2896 382 2970 ris
403 2896 657 2991 auctoritate,
672 2892 931 2995 intelligenda
950 2902 1024 2986 est,
1043 2886 1169 2997 idque
1188 2888 1413 2968 luculenter
1426 2911 1539 2996 patet
1557 2920 1608 2970 ex
1626 2924 1700 2993 eo,

180 3056 190 3061 ·
327 3012 440 3124 quod
465 3014 597 3093 statim
627 3010 834 3119 adjicitur,
860 3012 941 3090 non
971 3028 1017 3089 ut
1038 3014 1176 3091 animo
1199 3010 1270 3120 sed
1292 3029 1339 3091 ut
1358 3039 1518 3121 eorpore
1543 3012 1702 3095 desinat

313 3136 524 3245 possidere.
543 3134 724 3245 Pupillus
742 3136 900 3246 itaque,
922 3134 1014 3213 lieet
1032 3160 1120 3213 rem
1143 3136 1406 3246 corporaliter
1424 3135 1606 3219 detinere
1625 3138 1698 3219 de·

321 3260 455 3355 sierit,
474 3284 559 3335 non
578 3257 727 3337 desinit
745 3284 834 3337 eam
859 3258 996 3337 animo
1017 3255 1244 3365 possidere,
1266 3275 1307 3339 et
1330 3259 1410 3339 hoo
1433 3262 1554 3340 etiam
1571 3259 1698 3339 modo

321 3379 645 3460 ratiocinandum
663 3398 749 3453 esse
769 3396 958 3480 putamus
984 3399 1171 3491 respectu
1189 3382 1347 3484 furiosi,
1366 3383 1439 3492 qui
1463 3408 1549 3460 non
1568 3399 1701 3489 potest

322 3501 506 3581 desinere
525 3500 661 3577 animo
682 3496 889 3606 possidere
907 3503 949 3579 L.
970 3532 1021 3611 27
1039 3504 1079 3583 ff.
1099 3506 1137 3585 h.
1155 3524 1182 3585 t
1202 3505 1308 3587 Illud
1324 3524 1476 3597 tamen,
1492 3506 1606 3610 qnod
1624 3527 1698 3609 pu-

319 3621 442 3733 pillus
463 3649 549 3702 rem
563 3621 676 3702 alteri
696 3620 893 3702 tradendo
911 3624 997 3703 sine
1015 3633 1163 3703 tutoris
1181 3632 1416 3703 auctoritate
1436 3649 1523 3703 non
1542 3625 1698 3707 emittat

317 3746 630 3856 possessionem,
648 3746 803 3853 patitur
826 3747 1104 3853 exceptionem
1122 3747 1165 3825 in
1186 3749 1228 3824 L.
1249 3772 1295 3849 s,
1315 3746 1341 3842 §
1361 3745 1406 3829 15
1425 3744 1464 3825 ff.
1484 3773 1560 3855 pro
1580 3776 1694 3859 emp·

317 3885 429 3969 tore;
456 3869 528 3951 sed
558 3888 618 3951 est
643 3869 701 3949 ibi
732 3896 846 3949 casus
875 3865 1074 3977 specialis,
1098 3871 1172 3980 qui
1203 3868 1255 3949 ad
1283 3866 1569 3983 consequentia
1596 3900 1694 3982 pro·

318 3988 412 4071 duci
427 4020 510 4074 non
527 4010 677 4101 potest,
689 3994 822 4098 egitur
840 4019 987 4101 nempe
1002 3993 1047 4072 in
1065 3992 1139 4071 bac
1152 3992 1241 4099 lege
1255 3991 1306 4073 de
1326 3986 1504 4103 pupillo,
1522 3997 1595 4106 qui
1615 4024 1691 4105 pro

318 4114 474 4223 pubere
495 4114 659 4193 habitus
678 4114 797 4192 bonae
817 4112 912 4193 fidei
929 4118 1102 4221 emptori
1125 4141 1214 4195 rem
1241 4143 1357 4196 suam
1375 4115 1551 4198 tradidit

333 4412 336 4419 .
370 4344 586 4425 Posteriori
599 4345 681 4452 jam
698 4370 795 4425 vero
814 4368 864 4423 ex
885 4342 1003 4425 cause
1026 4347 1320 4453 possessionem
1337 4346 1517 4429 volentes
1538 4344 1687 4426 amitti·

417 4485 479 4554 111.
765 4544 767 4548 ,
1153 4568 1159 4583 ,
1518 4509 1541 4582 7
