4517 5867
620 672 661 720 ta
936 648 1156 721 ANDREAE
1180 647 1354 721 COHEN
1376 649 1662 722 aaottttttn
1718 638 1724 651 ’

1143 861 1359 944 SEC‘l'IO
1393 880 1465 943 1¹¹⁸.

719 1111 782 1185 DE
804 1110 1008 1185 oslacus
1030 1112 1255 1187 anaante
1277 1110 1539 1202 EORUMQUE
1561 1108 1901 1185 tatanottlaua

674 1345 865 1425 Primaria
892 1344 1074 1428 conditio
1099 1364 1147 1427 ut
1170 1348 1325 1426 oriatur
1354 1346 1518 1439 affectus
1544 1347 1691 1449 animi,
1708 1360 1768 1427 est
1788 1344 2023 1454 objectum)

625 1483 836 1549 externum
872 1466 938 1545 vel
964 1468 1072 1545 reale
1103 1466 1169 1545 vel
1201 1494 1224 1545 a
1258 1468 1404 1547 mentis
1440 1466 1697 1547 facoltatibus
1731 1464 1987 1577 productum.

623 1588 789 1696 Absque
810 1586 889 1665 hoc
905 1587 1039 1665 anima
1067 1610 1153 1665 non
1184 1584 1376 1665 allicitur:
1404 1612 1501 1666 nam
1528 1605 1576 1668 ut
1599 1589 1679 1670 hoc
1707 1589 1990 1701 fiat‚1equiri·

624 1723 693 1785 tur
726 1706 934 1816 perceptio
963 1720 1005 1785 ct
1039 1704 1239 1814 judicium
1270 1704 1322 1786 de
1356 1722 1499 1788 natum
1530 1710 1643 1790 iatius
1672 1711 1838 1815 objecti,
1874 1710 2002 1817 quod

623 1844 816 1939 tanquam
838 1854 955 1907 causa
986 1827 1246 1909 occasionalis
1271 1829 1375 1935 agit3
1401 1830 1435 1911 ai
1462 1828 1710 1909 desideretur
1732 1829 1944 1936 impressio
1966 1858 1991 1911 a
2016 1881 2019 1883 v

625 1950 748 2031 rebus
775 1952 967 2053 externis,
995 1947 1107 2031 nulla
1133 1950 1309 2031 habetur
1330 1949 1536 2031 conclusio
1563 1948 1616 2029 ab
1641 1950 1776 2029 anima
1793 1966 1860 2051 et,
1878 1950 1994 2058 quod

622 2070 882 2185 intelligitur,
911 2069 1024 2149 nulla
1051 2072 1215 2152 amotio.
1245 2070 1449 2182 Equidem
1475 2071 1659 2183 qmmvia
1683 2086 1793 2153 exoa
1826 2058 1993 2151 omnem

475 2248 480 2262 ·
624 2192 893 2273 dubitationis
939 2192 1066 2273 aleam
1102 2195 1283 2302 positum
1309 2196 1379 2298 ait,
1407 2210 1558 2275 certam
1588 2218 1836 2300 organorum
1864 2191 1997 2301 diapo-

625 2316 836 2418 aitionem‚
862 2314 1116 2425 pubertatem
1131 2376 1144 2419 ,
1158 2318 1358 2398 viscerum
1381 2315 1702 2399 abdomiualium
1727 2314 1895 2409 morbos
1921 2344 1995 2425 pa·

625 2437 792 2525 colluces
811 2464 977 2547 quoque
994 2437 1106 2517 ideas
1125 2456 1168 2517 et
1184 2438 1415 2519 affictiones
1442 2462 1711 2547 promerere
1737 2437 1932 2539 morales,
1954 2455 1998 2519 et

623 2561 758 2665 potius
788 2560 856 2637 has
879 2586 999 2666 quam
1020 2562 1135 2659 istas,
1162 2558 1245 2637 baec
1270 2575 1404 2637 manen
1430 2557 1648 2664 dispositio
1660 2557 1881 2637 essentialia
1902 2586 1993 2638 nou

623 2692 683 2759 eat
706 2676 758 2759 ad
785 2679 1027 2781 progeniem
1052 2678 1319 2777 mibanatis,
1352 2676 1476 2779 hujus
1511 2676 1682 2781 quidem
1712 2674 1994 2757 evolutionem

626 2794 918 2905 expeditiorem
938 2788 1188 2891 reddit‚‚sed
1209 2793 1378 2874 minime
1403 2794 1581 2874 excludit
1605 2794 1716 2876 ideas
1734 2824 1809 2877 seu
1831 2798 1998 2906 impres·

623 2921 758 2999 nones
784 2911 1036 3023 objectorum
1063 2929 1105 2995 et
1130 2910 1311 2993 conditio
1338 2914 1516 2998 estsine
1542 2942 1625 3022 qua
1648 2943 1744 2997 non.
1771 2920 1838 3015 Sic
1859 2948 2003 3030 qnam-v

623 3039 685 3121 ris
717 3037 853 3129 biliosi
889 3035 1196 3143 temperamenti
1226 3034 1352 3115 bomo
1381 3033 1434 3114 ad
1462 3035 1566 3115 iram
1598 3034 1716 3115 valde
1746 3039 1799 3117 ait
1822 3064 1995 3147 pronus,

627 3158 744 3241 irasci
767 3176 901 3241 tamen
922 3160 1066 3268 nequit
1093 3159 1177 3257 niaij
1199 3157 1439 3243 exhibeatur
1463 3158 1608 3264 animae
1642 3156 1728 3266 ejus
1760 3158 1914 3239 malum
1938 3162 1997 3240 in·

626 3282 802 3387 illatum,
828 3283 894 3363 cui
920 3307 962 3361 ae
990 3306 1197 3390 opponere
1224 3280 1321 3372 vult.
1350 3282 1446 3363 Noa
1476 3308 1691 3395 possumus
1710 3281 1887 3390 gaudere
1916 3284 1995 3395 uisi

462 3502 466 3515 Ι
626 3406 746 3487 simul
767 3406 958 3512 cogitatio
975 3430 1051 3489 nos
1070 3420 1234 3509 teneat,
1260 3405 1527 3515 acquisitione
1555 3405 1658 3491 boni
1693 3432 1887 3523 prospera
1912 3405 1996 3491 lor·

626 3542 725 3605 tuna
748 3554 824 3606 nos
846 3529 917 3607 uti.

680 3752 742 3835 Ex
769 3752 1098 3836 antecedentibus
1133 3754 1216 3865 jam
1257 3760 1484 3869 concipitur
1512 3768 1669 3860 mente,
1699 3775 1841 3867 praeter
1861 3752 1992 3863 objec-

631 3896 719 3959 tum
748 3889 961 3955 externum
985 3900 1058 3957 acu
1093 3873 1252 3977 ideam,
1284 3880 1379 3960 huic
1418 3883 1548 3961 anima
1576 3880 1751 3989 pretium
1782 3872 1994 3987 quoddam

629 4001 783 4083 tribuat
803 4027 963 4083 necesse
984 4027 1090 4103 ease,
1115 4028 1199 4113 quo
1218 4001 1264 4082 fit
1286 4021 1334 4084 ut
1350 4003 1585 4084 sensibilitas
1608 4000 1776 4082 moralia
1793 4001 1839 4077 in
1857 4016 1993 4077 nomm

631 4122 824 4231 dueatur,
847 4127 979 4205 anima
997 4123 1099 4205 illud
1125 4142 1233 4205 amet
1257 4142 1327 4204 aut
1357 4122 1591 4224 abhorreat,
1617 4116 1720 4199 illud
1748 4134 1902 4214 metuat
1926 4130 1996 4197 aut
2068 4151 2071 4154 ·

630 4246 669 4321 ei
694 4272 779 4326 sese
806 4264 1001 4356 opponat,
1031 4246 1166 4327 laetitia
1183 4266 1253 4328 aut
1277 4241 1513 4352 egritudine
1543 4240 1645 4324 illud
1669 4240 1905 4325 consideret.
1924 4240 1999 4319 Re·

631 4362 771 4444 lationi
795 4359 933 4478 itaque
960 4366 1114 4477 objecta
1137 4397 1226 4480 quae
1247 4369 1526 4477 percipiuntur
1556 4382 1598 4447 et
1622 4363 1883 4447 individuum
1909 4387 1995 4444 nos

627 4502 739 4565 trum
768 4488 895 4591 inter,
915 4489 1102 4571 innititur
1120 4516 1241 4600 quam
1257 4490 1428 4571 maxime
1456 4490 1573 4594 origo
1600 4489 1843 4595 passionum.
