4517 5867
316 651 699 728 conmentario
724 651 790 723 an
817 595 1165 744 Quusmouuu
1190 653 1521 734 maenarum
1552 661 1594 736 rs

232 849 316 920 'esse
337 821 495 949 posita,
525 861 616 952 quae
635 854 776 918 contra
799 855 952 916 omnes·
966 834 1229 922 obvenientes
1254 839 1600 937 rasmaborninern

232 965 522 1074 praemuniant,
546 961 634 1042 vult
656 959 928 1044 firmissimum
954 987 1050 1041 eum
1079 987 1164 1042 esse
1184 960 1486 1067 fulcimentum,
1508 993 1601 1076 quo

229 1085 392 1196 adjutus
417 1090 481 1168 vir
505 1085 621 1168 fortis
648 1089 781 1166 omnia
808 1087 899 1167 vitae
925 1086 1185 1200 incommoda
1215 1087 1497 1200 molestiasque
1531 1116 1595 1172 re·

226 1227 358 1318 spuat
396 1211 527 1316 Quale
559 1237 655 1292 vero
692 1209 870 1292 studium
903 1208 1171 1320 Philosophiae
1197 1213 1241 1292 iu
1267 1228 1474 1294 senectute
1510 1239 1594 1297 esse

227 1335 375 1442 possit,
392 1337 436 1414 in
456 1334 533 1414 hoe
549 1334 638 1442 ipso
650 1335 818 1441 Dialogo
837 1331 1048 1414 ostendere
1068 1351 1259 1434 conatur,
1272 1352 1398 1448 atque·
1406 1351 1456 1415 nt
1465 1333 1594 1448 major

226 1457 440 1536 auctoritas
456 1458 509 1538 sit
527 1458 580 1536 in·
590 1456 744 1558 verbis,
758 1455 916 1540 inducit
933 1457 989 1538 M.
1011 1457 1202 1538 Porcium
1220 1458 1430 1564 Catonem,
1442 1458 1593 1542 ‹tenso-

226 1581 365 1660 rinum
397 1579 532 1684 illum,
563 1599 738 1694 quatuor
769 1600 820 1664 et.
841 1585 1044 1690 octoginta
1082 1610 1283 1664 annorum
1312 1605 1472 1684 senem,
1498 1610 1593 1664 nun

225 1696 411 1814 &ipsisne
427 1717 468 1785 et
486 1707 621 1787 tacto
638 1704 691 1788 de
705 1707 923 1788 Senectute
941 1705 1215 1793 disserentem.
1223 1708 1453 1790 -Vixautem
1465 1707 1592 1788 ullam

226 1821 394 1905 Catonis
422 1829 593 1936 perenni
622 1845 781 1939 poterat
808 1830 1005 1912 adhibere
1034 1832 1272 1942 aptiorem,
1296 1833 1361 1910 cui
1395 1829 1594 1912 tribueret

227 1967 319 2054 qnae
336 1948 422 2057 ipse
440 1953 485 2031 ed
504 1951 554 2032 de
573 1979 617 2032 re
637 1953 843 2034 sentiebat.
872 1953 920 2034 ln
944 1955 1098 2035 Catone
1120 1955 1230 2034 enim
1247 1948 1593 2069 qctaeeumquead

223 2059 333 2149 bene
352 2072 549 2184 beateque
566 2077 786 2162 vivendum
798 2094 892 2158 sunt
909 2080 1133 2159 necessaria
1155 2077 1326 2157 feliciter
1343 2076 1592 2183 conspirasse

222 2189 443 2291 videntur3
461 2213 508 2274 ut
528 2195 614 2300 ejus
636 2199 821 2303 ingenio,
839 2200 953 2308 quod
975 2199 1114 2280 habito
1132 2224 1318 2278 sermone
1338 2199 1390 2286 ab
1411 2200 1501 2306 ipso
1523 2221 1592 2274 ex·

222 2310 674 2420 plicatur,admimbilis
690 2321 823 2422 imago
842 2323 1066 2398 Senectutis
1080 2319 1350 2421 effingeretur.
1366 2320 1468 2394 Nam
1481 2330 1592 2423 post·

222 2459 351 2543 quam
366 2434 618 2542 juventutem
635 2436 771 2518 sobrie
788 2457 830 2518 et
842 2438 1020 2522 honestis
1038 2423 1252 2542 laboribus
1267 2438 1461 2516 continuo
1483 2451 1594 2516 occu·

222 2573 347 2662 patus
373 2573 637 2663 transegerat,
663 2557 774 2640 domi
808 2561 1044 2669 militiaeque
1072 2587 1211 2640 earum
1237 2587 1368 2668 nsque
1396 2561 1592 2641 virtutum

222 2676 348 2759 laude
367 2679 575 2780 inclaruit,
598 2707 689 2794 quoe
710 2683 859 2791 cuique
886 2683 991 2764 aetati
1018 2683 1191 2762 maxime
1211 2696 1344 2760 essent
1365 2707 1592 2760 accommo-

222 2796 352 2898 datse3
376 2817 417 2880 et
443 2803 611 2881 summis
634 2801 824 2912 deinceps
851 2803 1078 2887 honoribus
1103 2820 1268 2890 ornatus
1296 2830 1380 2880 non
1406 2801 1591 2880 mollitiei

221 2948 271 3002 ae
295 2921 409 3001 dedit
433 2922 477 3000 ln
498 2935 723 3024 senectute,
749 2951 842 3032 quae
864 2925 1094 3024 longissima
1122 2927 1160 2995 ei
1193 2923 1365 3019 obtigit,
1395 2922 1467 2996 sed
1491 2937 1592 2997 'cum

224 3183 273 3266 τῷ
300 3179 403 3265 θνητῷ
424 3180 500 3264 γένει
529 3175 654 3265 deperdis
682 3177 715 3239 ἐι
742 3176 849 3248 desis:
872 3195 975 3262 quem
1001 3171 1115 3241 locum
1143 3169 1260 3236 Latine
1285 3169 1519 3259 interpretatus
1545 3186 1593 3239 est

223 3281 368 3348 cresso
388 3280 437 3346 De
457 3278 642 3364 Universa,
663 3279 701 3344 in
721 3277 783 3345 fiu.
805 3276 927 3367 fragm.
952 3278 1078 3344 Laudes
1098 3273 1320 3364 Philosophiae
1335 3285 1492 3362 practerea
1512 3278 1591 3344 eele-

223 3387 339 3455 brevit
368 3385 518 3452 Tuscull.
540 3385 598 3450 ΠΙ.
630 3407 663 3452 1.
684 3384 733 3451 De
752 3384 867 3451 Dicin.
890 3385 974 3449 lla.
996 3383 1158 3470 de-Legg.
1181 3381 1208 3444 l.
1236 3399 1277 3446 aa
1299 3389 1333 3444 et
1358 3377 1414 3444 23.
1436 3378 1589 3446 hosdem.

224 3491 254 3557 1.
282 3512 315 3581 a.
335 3491 413 3556 coll.
434 3490 483 3556 De
502 3488 579 3556 Fin.
601 3489 644 3556 V.
670 3489 722 3558 18.
744 3490 847 3578 Epist.
866 3491 908 3555 ad
923 3487 1044 3554 samill.
1067 3486 1141 3552 XV.
1162 3484 1203 3570 4,
1225 3484 1287 3550 fin.
1307 3495 1341 3549 et
1355 3482 1523 3573 precipue
1543 3483 1592 3549 De

227 3594 366 3672 Consul.
389 3617 426 3686 p.
452 3594 529 3664 544.
555 3594 628 3683 Bip.
655 3593 737 3678 uhi,
766 3617 784 3658 κ
806 3591 868 3660 Sed
902 3615 985 3675 noe,
1020 3590 1154 3680 inquit,
1189 3589 1401 3679 philosophia
1438 3589 1591 3655 adversus

226 3719 346 3765 omnes
366 3698 419 3764 vel
439 3709 653 3788 temporum,
675 3697 728 3764 rel
747 3697 914 3782 fortune,
939 3697 992 3763 vel
1017 3707 1145 3764 nature
1165 3693 1299 3760 insidias
1317 3693 1488 3777 munivit,
1516 3715 1591 3780 quae

226 3806 276 3871 ita
291 3801 385 3871 fortis
400 3815 466 3888 ast,
484 3815 522 3870 ut
538 3805 676 3874 nullum
691 3803 827 3889 injuriae
844 3803 1012 3892 impetum
1027 3801 1239 3885 extimescat3
1256 3800 1302 3864 ita
1317 3799 1401 3867 lenis
1417 3809 1450 3863 et
1464 3797 1589 3882 suavis,

228 3921 271 3974 ut
289 3931 405 3976 omnes
420 3907 606 3984 acerbitates
631 3907 728 3978 facile
751 3907 881 3994 mitiget
896 3931 933 3974 ac
948 3905 1099 3990 molliat,
1121 3907 1167 3971 ita
1186 3907 1325 3971 demum
1345 3902 1436 3967 utilis
1455 3924 1492 3966 ac
1519 3899 1590 3966 frn-

227 4025 359 4096 ctuosa,
375 4025 415 4081 ut
429 4025 531 4087 totam
547 4037 580 4078 se
596 4015 637 4080 od
657 4013 821 4080 humanas
842 4012 997 4078 utilitates
1012 4009 1239 4078 liberalissime
1254 4007 1403 4096 porrigat
1422 4016 1519 4092 atque
1534 4029 1590 4071 ex·

229 4117 376 4204 plicet.»
403 4115 560 4190 rmum
581 4118 662 4183 item
683 4117 825 4184 Sensus
843 4118 947 4208 Epist.
966 4113 1047 4188 XC:
1067 4113 1183 4202 «Quis
1206 4111 1357 4178 dubitare
1379 4121 1484 4198 potest
1505 4111 1591 4196 quin

215 4220 381 4286 ,Deorum
405 4221 649 4290 immortalium
672 4243 799 4288 munus
817 4223 859 4288 sit
876 4221 1150 4310 quod-vivimus,
1163 4215 1384 4306 philosophie
1402 4217 1493 4302 quod
1508 4215 1592 4282 bene

230 4324 402 4408 vivimus3
422 4323 531 4412 itaque
553 4335 644 4390 tanto
661 4327 738 4414 plus
761 4351 822 4394 nos
845 4329 962 4396 debere
992 4326 1073 4392 huic
1092 4345 1195 4410 quam
1217 4320 1317 4404 Diis,
1338 4332 1462 4408 quanto
1484 4321 1592 4404 majus

230 4427 432 4497 beneficium
456 4439 505 4494 est
527 4427 614 4496 bona
634 4431 700 4496 rita
719 4455 821 4518 quam
847 4435 925 4500 rita.
940 4458 958 4500 r>
983 4429 1083 4498 Conl.
1104 4428 1152 4494 ibi
1173 4426 1407 4494 celeberrimus
1422 4424 1593 4514 populmis

233 4546 342 4600 noster
363 4534 491 4600 luscus
513 4533 654 4599 tusses
678 4555 687 4602 ε
714 4548 747 4601 et
766 4561 883 4603 rursus
900 4537 1039 4604 Ssuuca
1056 4535 1160 4624 Epist.
1185 4531 1260 4598 ux
1284 4544 1317 4597 et
1347 4529 1480 4598 Llsslll.
1510 4527 1591 4615 Qui-

233 4635 297 4704 bus
311 4639 385 4706 add.
406 4638 576 4707 Gnmvws
600 4641 642 4712 ad
657 4641 832 4710 laudatum
849 4643 981 4712 Catonis
998 4643 1135 4730 locum,
1156 4638 1236 4727 Cap.
1250 4639 1277 4702 l.
1292 4639 1313 4723 ς
1327 4637 1359 4703 5.
