4517 5867
620 614 668 687 ss
721 615 880 689 manc.
904 612 991 684 rac.
1016 606 1309 681 scaonaaanr
1330 603 1449 673 ansr.
1475 600 1538 671 an
1556 547 1729 691 'Quaen
1747 598 1892 671 suurn

519 862 523 871 ⁴
629 838 723 905 sunt
747 818 798 901 ad
821 813 1107 923 consequentia
1133 803 1305 913 produci
1331 804 1375 881 L.
1405 800 1473 898 141
1510 798 1551 877 ff.
1574 798 1626 877 de
1642 799 1689 875 ll.
1709 798 1765 899 J.,
1781 796 2011 906 praeseitim

629 945 729 1027 dum
756 940 868 1021 adest
895 935 998 1014 ratio
1018 928 1281 1038 disparitatis,
1299 927 1361 1003 uti
1382 940 1522 1001 nostro
1550 922 1595 999 in
1612 946 1716 999 casn.
1737 918 1835 999 Ideo
1857 948 2012 1030 nempe

630 1070 674 1145 in
692 1061 937 1169 usucapione
966 1053 1130 1133 titulum
1159 1051 1389 1159 putativum
1410 1043 1593 1126 sufficere
1615 1043 1788 1151 placuit,
1808 1026 1907 1154 quia
1936 1072 2014 1152 per

631 1214 719 1267 eam
746 1183 925 1265 dominia
957 1204 1094 1257 rerum
1117 1174 1220 1255 liunt
1250 1189 1377 1269 certa,
1404 1186 1445 1249 et
1474 1168 1565 1248 lites
1593 1167 1941 1275 praecindunmr5
1969 1186 2009 1248 at

514 1332 522 1347 ‘
629 1338 727 1391 vero
757 1309 791 1388 si
820 1302 962 1385 titulus
996 1301 1202 1408 putativus
1222 1296 1274 1375 ad
1306 1293 1580 1404 publicianam
1601 1288 1822 1388 sufficeret,
1848 1308 2009 1371 tantum

621 1432 760 1529 abest,
793 1444 840 1507 ut
868 1450 943 1533 per
978 1450 1065 1500 earn
1095 1421 1186 1497 lites
1214 1416 1601 1523 praescindercntur,
1626 1430 1673 1493 ut
1705 1416 1840 1523 potius
1872 1414 2012 1493 multim

630 1554 894 1665 plicarentur,
914 1544 1177 1649 dominiaque
1195 1566 1334 1617 rerum
1352 1542 1505 1618 incerta
1522 1537 1667 1617 fierent
1686 1539 1754 1643 (il
1777 1537 2010 1617 Publiciana

622 1680 771 1783 ¹itaque
797 1694 884 1747 nou
904 1663 1099 1770 competit
1125 1661 1205 1738 nisi
1225 1667 1264 1738 ei
1289 1662 1362 1769 qui
1379 1686 1518 1741 revera
1539 1660 1647 1768 justo
1669 1660 1790 1757 titulo
1811 1659 2012 1766 possidet,

633 1808 839 1875 utcontra
867 1812 990 1897 quem
1018 1780 1163 1862 datur?
1179 1782 1366 1861 Diximus
1391 1781 1554 1890 jamjam
1575 1798 1742 1862 :contm
1769 1809 1913 1861 omnes
1941 1783 2014 1891 qui

613 1914 748 2017 ¹nullo
778 1910 843 1991 vel
874 1907 1064 1989 debiliori
1088 1904 1180 2012 jure
1201 1919 1273 1984 aut
1298 1903 1420 1983 titulo
1447 1902 1677 2013 possident;
1702 1904 2015 1983 titulusautem

602 2034 606 2041 ’
631 2038 850 2119 lucrativus
862 2022 936 2111 hac
956 2033 1000 2109 in
1013 2028 1181 2110 material
1194 2025 1346 2106 dicitur
1360 2028 1482 2105 titulo
1497 2054 1669 2107 oneroso
1683 2024 1879 2124 debilior,
1894 2027 2015 2134 quia,

630 2164 691 2241 uti
710 2158 905 2251 vidimus,
924 2153 1027 2231 actio
1051 2148 1283 2257 publiciana
1307 2147 1392 2228 sold
1411 2153 1600 2259 aequitate
1620 2147 1837 2251 fundatur,
1854 2166 1897 2225 et
1917 2174 2017 2226 saue

634 2283 821 2391 aequitate
840 2274 1021 2382 inspecti
1046 2273 1230 2379 potiores
1248 2298 1334 2349 esse
1352 2270 1505 2350 debent
1530 2289 1665 2380 partes
1684 2272 1809 2367 illius,
1834 2272 1908 2380 qui
1930 2296 2023 2347 oer-

633 2419 694 2483 tat
714 2399 766 2480 de
789 2398 940 2479 damno
957 2390 1168 2489 evitando,
1180 2418 1303 2499 quam
1319 2408 1452 2497 partes
1469 2391 1594 2493 illius,
1610 2396 1686 2496 qui
1696 2409 1825 2469 certat
1834 2392 1890 2470 de
1903 2391 2023 2471 lucro

641 2520 849 2633 captando.
1476 2540 1482 2550 ·

687 2736 747 2815 Ex
766 2733 885 2816 dictis
905 2744 1035 2839 patet,
1054 2731 1254 2811 actionem
1273 2725 1548 2837 publicianarn
1567 2753 1654 2807 non
1672 2723 1760 2818 dari
1782 2744 1927 2807 contra
1941 2726 2023 2807 do-

637 2859 798 2937 minum
819 2870 889 2926 aut
907 2864 1047 2923 contra
1068 2869 1180 2938 eum,
1197 2850 1270 2949 qui
1293 2850 1435 2950 equali
1452 2850 1519 2927 vel
1539 2849 1702 2927 fortiori
1714 2842 1806 2952 iure
1821 2848 2025 2952 possidet,

641 2993 683 3055 at
712 2974 790 3053 hoc
815 2965 1128 3073 intelligendum
1158 2980 1218 3042 est
1244 2990 1338 3043 cum
1358 2961 1527 3060 ellectu;
1549 2990 1644 3059 narn
1672 2966 1762 3071 ipso
1782 2962 1872 3071 jure
1900 2964 2026 3049 datur

641 3098 761 3177 etiam
778 3109 919 3173 contra
939 3088 1152 3197 predictos
1170 3113 1439 3195 possessores,
1452 3085 1525 3165 sed
1545 3085 1746 3193 repellent
1760 3106 1937 3169 actorem
1956 3090 2023 3172 vel

643 3209 885 3325 exceptione·
895 3210 1085 3312 dominii,
1105 3210 1171 3291 rel
1192 3210 1447 3317 exceptione,
1466 3207 1582 3317 quod
1604 3205 1766 3289 fortiori
1789 3211 1854 3291 rel
1876 3213 2020 3323 aequali
2130 3270 2132 3274 .
2214 3267 2215 3314 3

640 3338 731 3449 jure
749 3335 981 3447 possideant
999 3336 1042 3413 L
1061 3333 1216 3441 penult
1227 3330 1268 3410 ft.
1284 3330 1336 3410 de
1350 3348 1422 3411 act
1441 3330 1555 3439 publ.
1570 3331 1676 3411 Sunt
1685 3348 1821 3411 tamen
1832 3362 1960 3434 casus,
1975 3338 2021 3413 in

586 3469 590 3477 ’
644 3458 890 3569 quibusbaec
909 3457 1013 3537 actio
1031 3457 1153 3535 etiarn
1171 3482 1266 3533 cum
1283 3450 1438 3532 ellectu·
1448 3452 1570 3531 datur
1579 3470 1720 3532 contra
1730 3454 1960 3560 dominum,
1979 3473 2020 3535 et

646 3608 670 3657 a
690 3578 851 3655 fortiori
866 3597 1006 3659 contra
1027 3577 1170 3687 aequali
1187 3576 1253 3655 vel
1272 3575 1432 3655 fortiori
1449 3574 1540 3682 jure
1558 3575 1901 3683 possidentem,v.
1920 3604 1955 3679 g.
1968 3579 2016 3655 ssi

646 3697 812 3781 actualis
841 3722 1046 3803 possessor
1074 3724 1163 3777 rem
1187 3696 1298 3805 justo
1324 3694 1445 3776 titulo
1476 3695 1528 3775 ab
1555 3696 1700 3777 eodem
1729 3725 1814 3776 nou
1847 3696 2015 3776 domiuo

648 3820 897 3933 acquisierit3
913 3844 1005 3897 narn
1021 3835 1121 3897 tunc
1135 3823 1186 3921 is,
1202 3819 1556 3930 quiautiquiorem
1565 3818 1859 3923 possessionem
1871 3815 1994 3898 habet
2003 3879 2016 3915 ,
2093 3833 2095 3840 '

500 4050 505 4061 ι
641 3944 771 4025 debet
788 3940 965 4051 praeferri
984 3942 1027 4021 L.
1048 3966 1089 4049 9,
1108 3942 1171 4044 §d
1186 3941 1226 4021 ff.
1247 3941 1299 4022 de
1317 3937 1428 4049 publ.
1447 3955 1520 4017 act.
1540 3938 1663 4017 Casus
1680 3964 1779 4017 vero
1800 3940 1846 4017 in
1857 3920 2018 4049 'quibus

647 4094 743 4163 cum
759 4064 905 4147 ellectu
923 4063 1043 4145 datur
1064 4083 1204 4145 contra
1224 4065 1438 4152 dominum
1455 4060 1649 4141 exhibent
1677 4060 1798 4138 nobis
1821 4064 1864 4139 L.
1892 4089 1933 4169 7,
1951 4067 2016 4168 §7

648 4188 687 4266 ff.
709 4189 760 4269 de
781 4188 892 4297 publ.
909 4205 996 4285 act.
1017 4190 1060 4267 L.
1087 4216 1139 4295 72
1159 4187 1200 4265 ff.
1223 4186 1275 4265 de
1304 4188 1364 4264 rei
1386 4183 1496 4264 vind.
1522 4184 1565 4262 L.
1597 4176 1686 4263 aff.
1718 4182 1770 4263 d'e
1789 4202 1939 4293 except.
1958 4185 2016 4265 rei

649 4309 768 4393 vend.
788 4328 829 4387 ct
845 4308 944 4389 trad.
965 4312 1008 4389 L.
1029 4310 1071 4405 Δ,
1092 4313 1152 4407 §1
1178 4308 1218 4387 ll.
1238 4307 1289 4389 de
1309 4307 1395 4387 doli
1415 4308 1512 4387 mali
1537 4322 1687 4415 except.
1783 4352 1787 4365 ·

697 4514 746 4605 (a)
765 4519 803 4585 V.
819 4518 1024 4597 Mauarssun,
1038 4520 1132 4585 Tom.
1151 4522 1181 4595 l,
1196 4539 1269 4607 pag.
1288 4512 1361 4583 388.
