4517 5867
677 542 726 677 ἰι
985 603 1200 676 JOANNIS
1220 594 1539 675 annotatum
1560 598 1818 673 scurnum*

672 816 824 897 tatibus
845 834 885 896 et
902 816 1128 915 academiis,
1154 810 1488 923 quandoquidem
1504 838 1590 893 non
1613 811 1746 892 solum
1766 812 1976 918 regionum
1995 833 2035 896 et

664 941 879 1019 civitatum
904 936 1128 1017 rectoribus
1146 951 1400 1044 perspectum
1417 937 1484 1039 sit,
1511 932 1581 1015 sed
1600 936 1783 1014 omnium
1808 934 1935 1014 oculis
1957 936 2034 1045 jam

679 1061 836 1143 dudum
853 1059 1028 1161 illuceat,
1046 1085 1249 1169 quamque
1267 1059 1472 1137 nationem
1489 1086 1538 1138 co
1556 1057 1741 1164 ampliori
1759 1058 2037 1165 prosperitate,

677 1210 727 1263 eo
751 1180 938 1291 pluribus
959 1179 1183 1259 commodis
1207 1196 1248 1289 et
1266 1177 1587 1288 jucunditatibus
1609 1177 1828 1278 abundare,
1852 1206 1936 1288 quo
1957 1178 2037 1258 haec

678 1300 809 1385 ‘studia
836 1304 989 1409 magis,
1016 1318 1056 1382 et
1083 1332 1107 1383 a
1136 1299 1276 1410 majori
1303 1300 1527 1382 incolarum
1554 1329 1723 1390 numero
1750 1317 1845 1381 aunt
1865 1298 2040 1378 exculta:

682 1408 1009 1537 quandoquidem
1035 1424 1119 1502 haec
1137 1423 1269 1504 studia
1288 1453 1372 1504 non
1391 1423 1524 1505 solum
1541 1442 1603 1505 tot
1621 1441 1660 1502 et
1674 1439 1781 1503 tanta
1798 1451 1870 1530 per
1887 1450 1931 1501 se
1950 1421 2044 1500 eiar·

683 1550 850 1652 gruntur
859 1546 1147 1647 emolumenta
1160 1544 1230 1624 sed
1245 1547 1391 1654 exipso
1405 1548 1526 1624 etiam
1539 1542 1719 1625 modo
1675 1572 1759 1656 quo
1773 1541 2046 1666 addiscuntur,
2101 1630 2106 1636 ¹

681 1693 784 1749 nova
790 1648 1043 1777 depromunt
1055 1605 1319 1769 adminicula,
1327 1696 1418 1778 quaa
1431 1683 1609 1748 mentem
1622 1685 1662 1747 et
1675 1694 1813 1747 sensus
1822 1652 2046 1775 perficiant,

681 1776 884 1899 rebusque
913 1790 1188 1871 diversissima³
1212 1807 1253 1871 et
1280 1790 1506 1870 incertioris
1533 1788 1749 1925 aliquando
1773 1770 1923 1917 indolis
1943 1784 2044 1868 bene

672 1906 958 2063 ''inteiligendis
977 1929 1016 1991 et
1035 1914 1112 1991 rite
1130 1891 1317 2019 gerendis
1335 1927 1466 2049 aptam
1485 1909 1710 1995 reddant.

676 2159 681 2169 .
737 2133 760 2176 ιι
784 2101 867 2181 Eut
894 2101 1011 2182 enim
1040 2100 1325 2199 mathematicae
1352 2061 1664 2209 speculationes,
1691 2031 1825 2209 inquit
1850 2097 1935 2178 cet
1960 2098 2047 2207 Van

681 2219 917 2325 swinden(
903 2222 979 2323 )
970 2248 1067 2301 inae
1081 2224 1163 2303 arnt
1175 2221 1464 2328 pulcherrimae,
1477 2240 1664 2303 eteorum
1676 2221 1861 2332 quaedam
1872 2196 2047 2297 noctram

676 2340 993 2427 *admirationem
1017 2342 1216 2437 excitent;
1239 2342 1330 2421 licet
1351 2342 1535 2423 humanae
1558 2345 1703 2424 mentis
1724 2344 1852 2421 robur
1876 2358 1920 2420 et
1941 2366 2046 2450 saga·

686 2465 843 2541 citatem
870 2462 913 2539 in
939 2463 1075 2566 aprico
1101 2479 1255 2569 ponant
1279 2463 1344 2541 vel
1368 2466 1616 2566 tumetiam,
1639 2491 1733 2543 αιιιι
1754 2462 1877 2541 rebus
1902 2464 1947 2540 in
1969 2462 2046 2540 vitu

685 2581 793 2666 civili
814 2578 1051 2688 peragendis
1074 2580 1258 2659 nondum
1279 2583 1518 2681 inserviunt,
1543 2584 1743 2691 praecipue
1760 2600 1896 2661 tamen
1922 2598 1969 2662 ut
1988 2583 2047 2660 in-

680 2718 953 2815 ¹strumentum
975 2702 1197 2808 spectandae
1213 2719 1323 2804 sunt,
1348 2730 1431 2809 quo
1454 2706 1498 2782 in
1522 2706 1603 2783 vita
1625 2704 1731 2783 civili
1752 2720 1871 2815 atque
1894 2706 1940 2782 in
1958 2704 2048 2784 reli·

686 2825 780 2932 quis
793 2822 1013 2928 disciplinis
1026 2824 1085 2900 uti
1100 2822 1294 2904 dehemus
1308 2822 1359 2905 ad
1373 2853 1417 2905 ea
1430 2824 1658 2933 peragenda
1671 2843 1713 2904 et
1724 2824 2049 2933 determinanda,

685 2970 776 3051 quae
790 2964 977 3035 numero,
991 2942 1173 3045 pondere
1186 2960 1227 3017 et
1240 2970 1424 3017 mensura
1437 2960 1620 3021 constant
1629 2971 1640 3039 ;
1650 2976 1670 3017 ι
1683 2944 1727 3023 in
1740 2942 1904 3052 physica
1916 2964 2049 3027 autem

686 3066 753 3143 icti
773 3086 869 3140 usua
886 3074 1100 3138 recurrunt
1118 3084 1278 3165 semper
1299 3076 1339 3138 et
1356 3057 1536 3171 ubique3
1555 3062 1710 3168 ubique
1730 3086 1962 3144 mensurare
1984 3078 2052 3144 aut

687 3180 913 3289 ponderare
922 3196 962 3259 et
975 3182 1219 3285 geometrico
1229 3182 1288 3259 uti
1302 3182 1511 3260 ratiocinio
1525 3208 1684 3261 necesse
1698 3197 1775 3278 est3
1785 3182 1893 3263 unde
1908 3191 2048 3293 quamss

686 3304 749 3383 vis
763 3303 934 3381 scientiae
951 3328 1092 3381 omnes
1110 3300 1317 3380 hominem
1337 3302 1563 3409 perficiant,
1580 3319 1717 3382 tamen
1734 3304 1884 3412 absque
1896 3307 2049 3387 invidia

689 3424 847 3522 dixero,
871 3425 916 3500 in
943 3422 1052 3499 nulla
1083 3423 1134 3499 ad
1162 3450 1225 3500 res
1248 3420 1520 3529 dijudicandas
1544 3440 1585 3502 et
1609 3422 1803 3527 gerendas
1831 3426 2051 3534 majoribus

688 3560 867 3625 mentem
878 3544 1021 3621 instrui
1040 3541 1397 3656 pracsidiia,-quam
1414 3548 1457 3624 in
1470 3547 1658 3654 ¹physica;
1680 3549 1715 3624 si
1735 3548 1844 3625 enim
1863 3550 2050 3631 mathesis'

687 3665 887 3775 praecipue
917 3662 1114 3771 judicium
1144 3677 1274 3767 acuat,
1305 3668 1396 3776 quis
1427 3693 1512 3746 non
1539 3665 1671 3768 videt,
1700 3670 1937 3748 continuum
1966 3671 2050 3780 ejus

686 3812 822 3883 usum,
842 3800 882 3864 et
896 3781 1129 3863 omnimode
1143 3787 1332 3866 variatam
1346 3788 1431 3895 ejus
1443 3787 1747 3897 applicationem
1761 3804 1843 3867 tam
1856 3790 2048 3871 machinis
2112 3855 2116 3862 ,

691 3923 732 3987 et
749 3909 894 3989 artium
920 3908 1113 4019 inventia,
1139 3933 1262 4019 quam
1275 3925 1436 4015 ,naturae
1459 3910 1747 4020 phaenomenia,
1768 3910 1962 4018 aqualem
1981 3925 2048 3993 cut

691 4030 812 4109 etiam
831 4026 1021 4135 majorem
1041 4027 1265 4140 producere
1286 4026 1475 4136 effectum
1489 4030 1513 4108 Ρ,

743 4232 945 4333 Quoniam
978 4258 1027 4311 ex
1064 4231 1373 4313 individuorum
1402 4219 1605 4316 secundis¹
1624 4233 1744 4315 rebus
1779 4232 1975 4314 conflatur
2006 4250 2046 4312 et

630 4484 633 4491 ’
735 4482 781 4571 (ι)
804 4484 901 4552 Ponit.
915 4475 1015 4575 phys.
1027 4484 1206 4575 pag.xvt
