4517 5867
622 634 665 681 nn
1013 606 1172 679 FRANC.
1190 605 1279 676 JAC.
1303 606 1594 680 scuoLLasssT

617 790 689 871 bat
701 790 810 869 enim
822 788 970 869 Paucos
984 787 1222 869 sententiam
1235 786 1400 867 Nmmr
1412 803 1454 865 et
1468 788 1638 865 Paocou
1650 768 1999 889 existimantium,

617 938 888 1021 possessorem
902 908 1015 989 fundi
1030 926 1070 988 et
1080 906 1284 1017 possidere
1298 908 1553 1005 thesaurum,
1567 906 1758 1015 quemibi
1776 907 1998 991 defossum

617 1032 727 1115 haud
755 1037 929 1141 ignorat,
955 1032 1028 1111 etsi
1047 1058 1142 1115 eum
1162 1059 1247 1112 non
1269 1028 1610 1139 apprehenderit;
1635 1044 1677 1105 et
1702 1029 1867 1125 merito,
1887 1058 1998 1109 cum

617 1158 812 1267 possessio
826 1183 910 1235 non
928 1154 1160 1266 acquiratur
1172 1156 1250 1235 nisi
1262 1156 1400 1233 animo
1415 1168 1457 1231 et
1474 1176 1645 1257 corpore
1662 1148 1794 1227 simul.
1812 1151 1866 1227 At
1884 1176 1996 1231 vero

617 1308 708 1361 oum
735 1282 779 1359 iu
798 1278 872 1359 hac
895 1279 981 1385 lege
1002 1306 1087 1357 non
1115 1295 1255 1384 agatur
1277 1274 1329 1355 de
1348 1274 1535 1355 thesauro
1565 1274 1731 1380 proprie
1761 1269 1892 1372 dicto,
1912 1272 1994 1351 sed

615 1402 665 1483 de
683 1404 929 1510 improprio,
952 1401 1126 1509 qualiter
1137 1398 1329 1477 definitur
1344 1401 1387 1477 in
1402 1400 1444 1476 L
1463 1397 1518 1493 dd
1530 1394 1569 1474 ll
1588 1395 1627 1473 h.
1640 1412 1668 1473 t.
1687 1410 1727 1472 et
1744 1396 1788 1471 L.
1814 1392 1859 1475 15
1879 1394 1917 1473 ff.
1933 1394 1993 1475 ad

617 1525 762 1627 exhib.‚
771 1540 819 1601 ut
833 1538 944 1629 patet
961 1548 1011 1599 ex
1030 1520 1166 1599 verbis
1179 1523 1282 1627 quia
1299 1518 1556 1603 scitalrenum
1576 1542 1672 1608 csse,·
1693 1516 1820 1623 quaeri
1837 1533 1990 1622 potest,

618 1644 720 1755 quid
748 1641 968 1723 dicendum
987 1658 1107 1738 esset,
1134 1643 1167 1719 si
1187 1639 1361 1747 fingatur
1387 1640 1574 1750 quidem,
1600 1636 1704 1717 velle
1723 1664 1789 1715 me
1818 1635 1993 1746 adipisci

613 1764 788 1845 thesauri
800 1764 914 1843 istius
921 1764 1227 1871 possessionem,
1239 1788 1465 1871 possessore
1475 1760 1646 1841 volente.
1663 1759 1988 1867 Respondemus,

615 1885 850 1997 quod,licet
866 1886 904 1963 ei
919 1886 991 1995 qui
1006 1884 1167 1963 volente
1187 1911 1417 1995 possessore
1438 1884 1730 1992 possessionem
1747 1882 1834 1962 vult
1850 1884 1992 1991 acqui·

609 2034 709 2109 rere,
715 2008 878 2113 praecise
894 2034 980 2087 non
991 2034 1096 2115 opus
1109 2009 1162 2087 sit
1178 2008 1351 2087 naturali
1368 2010 1427 2087 rei
1448 2006 1984 2113 apprehensionemtinsse·

610 2127 753 2239 quenti
764 2130 940 2205 sectione
952 2122 1414 2237 demonstrabimus,nec
1423 2143 1523 2205 tunc
1531 2122 1715 2205 sufficere
1726 2127 1982 2225 arbitremur,

610 2278 674 2329 me
687 2252 808 2346 scire,
821 2274 917 2327 eum
934 2244 1084 2327 alicubi
1095 2248 1140 2325 in
1153 2245 1282 2327 fundo
1294 2275 1378 2329 esse
1388 2247 1638 2356 depositum,
1649 2245 1720 2327 sed
1729 2247 1899 2327 ulterius
1906 2274 1985 2328 ne·

609 2372 826 2455 cessarium
844 2396 949 2469 esse,
971 2388 1019 2449 ut
1037 2396 1221 2467 noscam,
1243 2399 1327 2482 quo
1344 2372 1387 2449 in
1406 2370 1524 2451 fundi
1544 2370 1690 2475 angulo
1709 2372 1743 2449 is
1763 2372 1816 2449 sit
1835 2397 1984 2451 recon-

608 2492 740 2594 ditus,
757 2493 853 2602 quia
872 2492 966 2571 alias
983 2490 1269 2570 incertitudine
1287 2494 1345 2569 rei
1365 2492 1523 2569 animus
1541 2490 1653 2569 deest
1670 2517 1750 2593 arg.
1769 2494 1812 2571 L.
1833 2490 1876 2595 3,
1891 2494 1916 2588 §
1932 2492 1983 2575 13

606 2612 645 2693 ll
668 2612 704 2691 h.
726 2630 752 2693 t.
772 2616 869 2695 item
890 2638 970 2719 arg.
988 2614 1031 2693 L.
1049 2610 1094 2716 3,
1117 2610 1202 2715 §a‚
1223 2612 1267 2691 L.
1286 2612 1339 2694 26
1356 2610 1396 2691 ff.
1414 2610 1505 2691 eod

655 2820 843 2899 Vidimus
874 2822 1030 2924 itaque,
1060 2820 1355 2922 possessionem
1378 2842 1464 2894 non
1492 2814 1649 2927 acquiri
1675 2817 1754 2895 nisi
1777 2818 1914 2896 animo
1933 2836 1977 2899 et

511 3006 514 3013 .
607 2941 860 3053 corpore‚ita
869 2956 916 3018 ut
926 2939 1189 3047 possessionis
1200 2938 1363 3017 initium
1373 2967 1456 3018 non
1466 2938 1518 3018 ab
1529 2939 1976 3049 animo‚sedacorpore

603 3066 790 3172 incipiat,
807 3089 891 3175 quo
909 3076 1063 3171 spectat
1071 3062 1114 3141 L.
1132 3058 1184 3157 dd
1197 3088 1257 3169 pr.
1279 3062 1376 3143 item
1384 3064 1426 3143 L.
1449 3060 1495 3161 3,
1515 3064 1541 3159 §
1565 3062 1611 3144 18
1625 3061 1667 3140 ll.
1681 3062 1721 3141 h.
1738 3080 1766 3140 t.
1785 3064 1874 3140 Nec
1894 3062 1970 3143 ob-

603 3204 679 3269 stat
710 3182 956 3295 generalitati
984 3182 1105 3292 hujus
1133 3182 1308 3290 regulae,
1338 3183 1452 3298 quod
1474 3184 1721 3295 quibusdam
1745 3186 1789 3264 in
1816 3184 1977 3291 legibus

602 3328 649 3391 ut
666 3311 709 3391 in
725 3310 769 3389 L
795 3310 863 3411 1‚§
881 3306 1034 3419 penult
1047 3324 1089 3388 et
1101 3310 1145 3389 in
1156 3309 1200 3388 L.
1220 3308 1266 3390 51
1283 3306 1372 3387 fth.
1391 3326 1419 3388 t.
1439 3308 1553 3389 nudo
1570 3310 1706 3389 animo
1725 3309 1824 3391 citra
1843 3308 1973 3389 ullum

505 3452 508 3459 '
604 3450 739 3513 actum
765 3430 1014 3541 corporalem
1037 3432 1236 3541 possessio
1263 3430 1453 3511 videatur
1480 3429 1889 3541 acquiri3na1ulicet
1915 3430 1972 3509 ibi

603 3555 657 3631 ita
676 3554 759 3631 sere
782 3553 1001 3665 loquantur
1017 3556 1127 3661 Jcti,
1152 3582 1236 3635 non
1256 3553 1479 3637 excludunt
1497 3572 1633 3635 tamen
1652 3582 1816 3634 omnem
1836 3570 1970 3633 actum

605 3674 811 3784 corporis,
842 3674 913 3755 sed
949 3676 1156 3758 dumtaxat
1185 3678 1421 3759 crassiorem
1449 3674 1560 3757 illam
1589 3675 1967 3785 apprehensionem,

604 3823 694 3907 quae
703 3824 899 3879 manuum
908 3816 978 3878 aut
989 3799 1141 3910 pedum
1155 3802 1277 3911 operat
1294 3802 1586 3882 interveniente
1605 3799 1669 3898 fit,
1695 3824 1766 3875 seu
1788 3793 1967 3903 loquun-

601 3934 668 3996 tur
687 3918 810 4000 bisin
828 3920 986 4001 casibus
1006 3925 1233 4031 oppositive
1247 3923 1298 4003 ad
1316 3922 1507 4004 actualem
1524 3939 1564 4001 et
1581 3918 1802 3999 naturalem
1821 3942 1967 4023 appre-

599 4036 840 4123 hensionem
868 4040 1012 4123 eodem
1039 4071 1181 4147 sensu,
1209 4072 1293 4154 qno
1319 4044 1467 4124 dicitur
1489 4040 1710 4148 aliquando
1739 4038 1968 4117 dominium

600 4164 807 4243 transferri
825 4162 934 4243 nuda
952 4164 1179 4264 voluntate,
1196 4166 1240 4246 id
1260 4182 1323 4247 est
1340 4161 1451 4243 nudai
1469 4190 1493 4241 a
1516 4160 1611 4241 verd
1629 4176 1670 4237 et
1687 4159 1856 4237 naturali
1876 4174 1961 4236 tra·

601 4276 765 4362 ditione.
786 4286 999 4393 Perpetem
1023 4288 1149 4390 igitur
1177 4288 1300 4397 aliqui
1328 4290 1567 4394 interpretes
1586 4298 1804 4391 putarunt,
1821 4279 1969 4387 regulae

566 4412 570 4427 '
600 4418 746 4483 nostrae
762 4409 1038 4515 exceptionem
1056 4409 1230 4488 inveniri
1247 4413 1292 4488 in
1309 4411 1352 4490 L.
1372 4434 1419 4516 9,
1440 4414 1466 4510 §
1484 4404 1564 4515 pff.
1577 4406 1629 4486 de
1637 4406 1721 4486 reb.
1743 4405 1874 4509 cred,
1894 4401 1966 4482 ubi
