4517 5867
640 676 974 749 n1ssnarar1o
997 678 1204 755 nautea.
1550 650 1596 750 '35
1708 753 1712 763 ,

240 884 327 940 cem
352 855 634 967 proferuntur,
661 872 703 936 et
727 882 842 935 auam
869 857 1162 967 contemplatur
1184 853 1598 962 attonite'impruden·

203 1061 206 1067 ,
239 984 345 1064 tiam.
360 980 508 1060 'Ihrrhoe
521 977 598 1059 ille
604 966 694 1059 non
707 1004 864 1084 semper
876 975 928 1055 ad
943 976 1052 1057 huna
1062 977 1284 1059 ascendunt
1297 975 1468 1085 gradum
1485 975 1599 1056 vehe-

240 1104 420 1200 mentiae,
438 1102 516 1181 nisi
533 1102 719 1182 saeviente
739 1098 962 1202 emotione,
979 1127 1056 1181 neo
1072 1102 1179 1181 ultra
1201 1127 1488 1210 paroxysmum
1508 1124 1598 1180 raro

239 1242 427 1329 perstant
451 1222 563 1331 δῦρο
585 1221 752 1332 quidem
763 1222 897 1299 evenit
911 1236 974 1319 ut,
988 1222 1067 1303 auh
1079 1222 1287 1303 affectibus
1297 1224 1434 1319 animi,
1447 1220 1598 1301 faculta·
1684 1280 1696 1305 .

239 1360 302 1424 tea
327 1346 475 1425 mentia
501 1343 642 1451 majori
666 1340 867 1449 gaudeant
895 1344 1063 1447 enargia
1089 1345 1317 1424 Excitantes
1347 1345 1430 1421 vim
1459 1342 1601 1421 animas
1693 1350 1695 1355 “

239 1465 420 1567 erigunt,
439 1490 581 1542 sensus
598 1464 781 1558 internos
804 1479 1051 1542 et'oxternos
1067 1463 1261 1565 exaltant,
1281 1462 1381 1541 dum
1402 1459 1599 1541 moderati

237 1599 352 1684 sunt,
363 1582 415 1662 ad
427 1582 538 1661 ideas
553 1579 929 1683 sublimessolertes
943 1582 1102 1663 homini
1120 1585 1166 1662 in
1182 1597 1285 1665 statu
1302 1580 1600 1689 tranquillitatis

235 1702 627 1810 impossibiles,etad
639 1702 844 1803 ratiocinia
855 1719 967 1783 acuta
980 1703 1186 1783 interdum
1196 1704 1359 1787 ducunt
1368 1701 1602 1811 Deprimen·

234 1838 311 1920 tes,
331 1825 554 1925 praesertim
574 1838 705 1901 metus
719 1839 761 1899 οι
777 1821 1003 1929 desperatio
1023 1827 1147 1904 animi
1162 1826 1472 1933 prostrationem
1489 1820 1603 1901 indu-

238 1954 355 2038 cunt,
367 1938 629 2016 attentionem
644 1937 808 2013 nonnisi
824 1941 877 2013 ad
891 1944 1043 2021 malum
1057 1960 1329 2051 exspectatum
1348 1960 1417 2024 aut
1432 1966 1601 2052 prmsens

239 2074 419 2161 vertunt,
433 2056 760 2161 imaginationem
773 2069 815 2131 et
830 2054 936 2135 vires
948 2052 1130 2167 corporis
1143 2063 1262 2145 simul
1276 2062 1556 2159 sufflaminant.

290 2264 426 2345 Morbi
437 2262 697 2345 cerebrisunt
708 2259 1598 2374 phrenesis,pervigiiia‚aopores,apoplexia,
1710 2283 1713 2291 ·

239 2386 467 2495 catalepsia',
481 2385 669 2494 epilepsia
689 2401 731 2463 at
744 2405 889 2466 omnes
905 2390 1056 2498 species
1073 2391 1240 2468 vesaniae
1256 2416 1265 2467 ε
1281 2386 1602 2496 hypochondria·

236 2508 313 2608 sis,
339 2507 622 2610 melancholia,
641 2508 774 2586 mania
801 2522 841 2589 et
869 2508 1162 2619 hydrophobia
1191 2511 1462 2591 Concussione
1488 2507 1602 2591 rahe

234 2629 360 2707 menti
380 2630 604 2733 systematis
622 2632 784 2710 nervosi
813 2656 924 2709 mors
941 2634 1185 2712 intervenire
1202 2650 1344 2739 potest

166 2816 168 2820 ’
289 2812 425 2890 Motus
440 2808 717 2916 musculorum
736 2812 828 2894 vitae
846 2808 1050 2910 animalis,
1063 2827 1105 2888 et
1120 2817 1341 2918 praesertim
1360 2819 1471 2891 l'aciei
1481 2872 1491 2909 ,
1510 2839 1603 2918 prae·

238 2931 405 3009 sentiam
431 2930 555 3009 animi
580 2926 797 3010 affectuum
814 2928 1065 3038 patefaciunt
1083 2930 1230 3011 Nullus
1248 2933 1357 3011 enim
1376 2930 1493 3013 datur
1510 2959 1600 3011 mo-

236 3067 302 3129 tus
328 3052 452 3129 animi
479 3048 688 3152 subsortis,
710 3052 812 3159 quin
839 3068 1050 3158 appareat
1045 3052 1096 3132 in
1121 3042 1239 3133 vultu
1266 3070 1307 3133 at
1334 3054 1522 3160 gestibus.
1552 3056 1600 3132 Iu

235 3169 346 3250 facie
354 3170 531 3247 hominis
548 3196 684 3249 amore
704 3159 868 3273 adfecti,
895 3171 1042 3276 legitur
1060 3173 1248 3289 voluptas
1266 3201 1346 3291 qua
1366 3177 1497 3255 anima
1515 3173 1601 3282 ejus

235 3288 402 3387 fraihn,
422 3288 535 3368 frons
552 3290 715 3399 aequalis
736 3305 815 3391 est,
838 3307 1015 3395 eramus,
1031 3308 1193 3375 'tument
1210 3281 1335 3397 labia,
1355 3312 1490 3387 motus
1509 3315 1597 3372 eor-

235 3411 348 3516 poris
366 3409 489 3516 agiles
511 3428 623 3512 sunt,
649 3411 751 3492 illud
768 3354 819 3491 ad
846 3414 1048 3493 anteriora
1072 3414 1249 3495 flectitur
1281 3355 1335 3494 ad
1358 3404 1599 3521 amplecte&

235 3529 335 3609 dum
355 3529 559 3649 objectum
579 3536 737 3613 amoris
751 3522 1178 3642 subpedaneum
1195 3550 1600 3634 remanseramus

234 3664 276 3727 et
295 3669 431 3754 gestus
448 3654 707 3760 viridissimi,
728 3658 834 3737 inter
861 3679 966 3771 quoa
993 3658 1260 3742 observantur
1289 3661 1408 3739 risus-
1415 3672 1457 3739 et
1481 3651 1598 3737 salta-

233 3768 313 3866 tio;
333 3762 541 3853 interdum
561 3777 702 3876 οιὶιιιι,
712 3794 769 3858 ιιι
785 3781 829 3858 in
847 3801 1005 3880 amore,
1023 3780 1177 3861 ιιοιιιοι
1194 3781 1307 3861 adest
1326 3779 1531 3883 generalis.
1549 3776 1598 3856 In

234 3906 346 3968 metu
365 3891 478 3973 frons
495 3919 640 4035 rugosa
661 3914 735 3999 est,
757 3899 895 3979 oculi
884 3904 1042 3979 immoti
1061 3908 1177 3998 sont,
1196 3884 1322 3977 comte
1335 3912 1464 4000 stant,
1477 3916 1596 3977 mus-

233 4010 547 4095 culorumactio
542 4018 766 4121 imminuta
778 4037 837 4100 est
841 4020 1136 4125 maffihmque
1149 4020 1346 4122 Pometia
1357 3957 1596 4117 ltdt¹l¹0m⁰s

155 4208 160 4215 ,
236 4127 301 4204 vel
318 4126 536 4235 aliquando
559 4128 668 4208 citati
686 4149 788 4211 sunt
810 4151 946 4213 motus
957 4134 1390 4249 ,etpedihnrquaeri't
1411 4136 1591 4215 salutern.

235 4249 408 4325 Terrore
431 4250 641 4354 repentino
654 4251 870 4360 paralytici
891 4254 994 4333 fiunt
1019 4258 1200 4337 musculi.
1228 4263 1276 4339 In
1306 4257 1401 4342 odio
1423 4254 1533 4339 frons
1551 4272 1592 4335 et

233 4365 445 4477 supereilia
482 4385 699 4475 rogantur,
736 4372 936 4494 palpehrae
976 4375 1208 4481 elevantur,
1238 4396 1378 4461 torvus
1408 4396 1468 4485 est
1501 4378 1590 4458 vul·

234 4505 300 4569 tus
328 4505 369 4571 et
394 4488 540 4571 minax.
570 4490 619 4571 ln
649 4519 822 4576 moerore
849 4513 983 4578 motus
1008 4511 1113 4580 sunt
1128 4496 1328 4609 languidi,
1356 4478 1490 4580 vultus
1519 4484 1589 4579 de—

1365 4622 1395 4695 5⁸
1581 4641 1584 4653 .
