4517 5867
593 620 640 690 ιο
677 566 679 575 “
898 615 1119 689 nunnus
1142 562 1320 684 consu
1342 612 1635 685 ιιιοιιιιιιι
1769 713 1773 727 .

634 798 683 877 Iu
709 809 816 877 statu
838 794 1031 875 morboso
1056 792 1213 873 cerebri
1231 790 1456 873 functiones
1481 792 1573 899 plus
1592 790 1777 871 minusve
1797 790 1948 875 laedun·

580 936 666 1022 tur,
676 917 898 1027 judicium,
914 934 961 997 ut
977 915 1215 1024 plurimum,
1229 915 1479 1013 obfuscatur,
1496 940 1636 994 omnes
1649 906 1948 1021 impressiones,

580 1042 699 1121 dolor
710 1040 944 1149 etvoluptas
954 1098 965 1141 ,
976 1038 1055 1118 ulio
1072 1037 1199 1119 modo
1217 1064 1340 1147 quam
1355 1039 1398 1116 in
1412 1052 1521 1117 statu
1531 1035 1706 1115 naturali
1720 1036 1951 1146 percipiun-

574 1180 665 1266 -tur,
686 1162 893 1261 voluntas,
913 1162 1119 1270 proposita
1146 1161 1286 1241 eadem
1312 1188 1398 1241 uon
1421 1176 1537 1258 sunt3
1561 1158 1673 1242 uude
1694 1185 1951 1270 summopere

576 1301 666 1363 tum
694 1268 898 1365 immutari
925 1283 1048 1362 animi
1075 1280 1261 1387 affectus,
1291 1282 1432 1363 elucet.
1746 1297 1753 1309 ‘

625 1479 673 1555 ln
705 1475 918 1555 fabrilibus
946 1472 1230 1553 allectionibus
1256 1472 1460 1609 plerisque
1486 1474 1672 1553 celeriter
1701 1472 1948 1555 decurrenti-

574 1597 669 1700 bus,
688 1612 863 1736 systema
889 1596 1157 1699 sanguineum
1183 1595 1419 1698 instigatum
1442 1611 1525 1700 est,
1547 1596 1709 1677 dotores
1727 1595 1948 1737 aliquando

573 1718 757 1799 acemimi
772 1732 813 1797 et
828 1714 1071 1841 impatibiles
1088 1732 1199 1817 sunt,
1220 1714 1396 1796 habetur
1404 1715 1647 1821 lassitudo,
1634 1720 1796 1817 mertia,
1813 1720 1952 1814 anxie-

571 1858 630 1921 tas
640 1820 965 1949 ,cephalalgia,
953 1841 1154 1919 insomnia
1173 1837 1412 1951 aliquando,
1434 1842 1579 1939 verbo,
1601 1838 1725 1915 turba
1747 1837 1864 1917 adest
1879 1855 1945 1918 to·

571 1964 652 2043 tius
676 1962 922 2043 oeconomiae
956 1960 1190 2041 Intellectus
1217 1961 1283 2038 his
1313 1950 1558 2041 tumultibus
1587 1958 1806 2039 incolumis
1838 1959 1949 2041 baud

567 2102 774 2184 servatur,
790 2082 924 2161 anima
945 2080 1200 2189 operationes
1221 2108 1312 2161 suas
1331 2084 1408 2161 rite
1429 2074 1538 2161 haud
1562 2080 1816 2223 exsequimr3
1840 2085 1945 2161 etin

567 2202 647 2283 boc
674 2216 779 2282 statu
808 2228 968 2306 rerum,
995 2200 1105 2283 illam
1123 2200 1177 2283 ab
1199 2202 1536 2313 impressionibus
1556 2197 1733 2285 externis
1752 2215 1794 2284 'et
1821 2230 1946 2312 nego-

568 2326 636 2406 tiis
662 2352 705 2405 se
728 2350 937 2405 removere
959 2352 1035 2404 nec
1057 2326 1274 2435 conspicua
1303 2328 1385 2467 pati
1409 2328 1636 2431 emotione‚
1656 2326 1768 2407 haud
1792 2326 1949 2434 indiget

567 2446 844 2557 explicatione.
864 2446 926 2527 Ne
939 2448 992 2527 sit
1009 2444 1163 2527 dictum
1183 2446 1235 2526 de
1257 2425 1494 2529 remissione
1516 2465 1637 2559 atque
1661 2448 1808 2527 barum
1826 2444 1946 2527 affec-

566 2567 1111 2669 tionumrecouvalescentia,
1124 2568 1196 2647 ubi
1209 2596 1426 2649 nervosum
1444 2586 1617 2674 systema
1630 2568 1784 2647 mobile
1798 2566 1942 2650 estad-

566 2688 735 2770 modum
749 2686 1060 2793 irregulariter
1088 2688 1345 2773 distrihuimr
1369 2686 1545 2759 fluidum
1574 2710 1793 2786 nerveum,
1822 2682 1943 2795 levis·¹

469 2876 472 2888 .
566 2837 677 2891 s1m1s
686 2804 856 2887 afficitur
864 2798 1036 2881 stimulis
1044 2798 1231 2907 homo,et
1241 2800 1457 2909 singularis
1470 2802 1523 2883 ad
1531 2802 1810 2913 suscipiendos
1819 2832 1942 2887 ammi

566 2906 731 3013 affectus
755 2926 874 3009 datur
900 2909 1161 3055 receptivitas

618 3138 667 3216 In
692 3133 847 3219 morbis
870 3132 1070 3223 chronicis
1093 3148 1136 3213 et
1165 3132 1363 3241 organicis
1385 3136 1509 3214 animi
1535 3134 1706 3243 dejectio
1738 3154 1780 3217 et
1801 3136 1943 3219 inbue-

566 3262 647 3359 tio;
672 3254 834 3337 dolores
858 3252 967 3335 baud
989 3254 1259 3365 quiescentes,
1282 3258 1500 3379 sanationis
1527 3257 1667 3340 celeris
1691 3286 1782 3369 spes
1809 3260 1943 3367 nulla,

567 3384 685 3467 sortis
702 3376 1077 3485 luturaedubitatio,
1088 3396 1221 3461 metus
1229 3382 1389 3485 mortis,
1399 3399 1494 3487 etc,
1505 3383 1549 3463 in
1563 3382 1794 3489 aegrotantis
1805 3403 1939 3466 mente

567 3508 758 3595 suscitant
774 3502 885 3585 ideas
900 3502 1034 3585 tristes
1045 3519 1086 3585 et
1104 3442 1415 3587 melancholicis
1424 3502 1797 3617 inquietudinem,
1814 3506 1936 3589 afflic-

568 3632 747 3733 tionem,
773 3629 965 3710 timorem
992 3644 1034 3708 et
1062 3628 1431 3710 consternationem
1456 3626 1722 3738 profundunt.
1748 3628 1935 3710 Phthisici

574 3766 752 3843 mentem
776 3750 971 3833 exhibent
992 3746 1074 3833 fer'e
1098 3750 1309 3860 intactam,
1334 3781 1405 3862 spe
1431 3770 1471 3835 et
1488 3752 1617 3873 fallaci
1636 3752 1715 3839 fide
1738 3750 1866 3861 usque
1884 3747 1936 3831 ad

568 3896 795 3963 extremum
811 3873 1010 3982 spiritum
1037 3873 1214 3956 aluntur.

632 4104 713 4187 Res
732 4098 938 4181 manifesta
961 4116 1022 4181 est
1040 4100 1193 4202 adbuc,
1213 4102 1286 4183 ubi
1314 4096 1516 4183 luduntur
1532 4094 1691 4179 cerebri
1714 4093 1940 4180 mactiones

568 4245 611 4309 et
630 4228 673 4305 in
698 4224 777 4305 illis
801 4223 1001 4332 precipue
1018 4223 1253 4307 lusionibus
1274 4251 1365 4335 quae
1385 4222 1577 4304 dicunutr
1593 4222 1783 4322 vesaniae,
1800 4238 1849 4302 ut
1864 4221 1939 4329 hy·

568 4344 1338 4459 pochoudriasis,melancholia,mania,
1350 4365 1424 4429 etc.
1436 4347 1688 4447 lnomuibus
1701 4344 1937 4427 bisoeaffec·

566 4466 749 4551 tionibus
771 4467 836 4550 rel
858 4496 974 4552 cama
998 4468 1061 4551 sit'
1076 4470 1245 4578 physica
1263 4472 1348 4555 sive
1378 4470 1563 4575 mombs,
1589 4470 1794 4579 perversio
1818 4467 1932 4551 adest
