4517 5867
621 548 700 650 ¹sss
989 518 1640 658 rarnttosutttouur'ou

620 723 800 836 priorem
820 733 1036 828 antequam
1055 716 1237 825 corporis
1254 714 1432 794 inclusus
1449 711 1572 794 fuerit
1587 711 1870 821 compagibus,
1883 732 2010 827 atque

488 931 512 966 κ
627 847 901 955 posteriorem,
928 837 1093 949 quaudo
1112 837 1208 918 inde
1226 839 1442 942 emigratus
1456 835 1595 932 uerit,
1609 836 1687 943 ipsi
1702 837 1894 917 concedit
1912 843 2005 920 Pos-

632 983 764 1045 tremo
781 961 945 1042 tandem
963 985 1015 1039 ne
1036 984 1086 1038 cx
1104 958 1183 1036 hoc
1203 956 1372 1067 quidem
1388 972 1626 1062 argumento
1641 959 1904 1066 consequitur
1916 962 2004 1040 ani·

544 1131 559 1170 -,
632 1111 748 1167 mum
767 1109 851 1162 csse
871 1077 1139 1162 substantiam
1157 1076 1422 1169 individuam,
1446 1081 1598 1187 quaein
1612 1092 1808 1156 aeternum
1825 1082 1910 1160 sine
1925 1067 2008 1162 ulls

634 1209 899 1288 conversione
917 1220 986 1284 aut
1004 1200 1292 1282 commixtione
1313 1197 1447 1278 futura
1470 1202 1531 1278 sit.
1560 1199 1673 1301 Quin
1696 1215 1836 1280 contra
1860 1227 1912 1282 ex
1932 1202 2006 1280 hac

633 1327 809 1408 Platonis
829 1325 1116 1434 Ciceronisque
1135 1321 1331 1401 sententii
1353 1321 1455 1401 illud
1474 1338 1664 1430 apparet,
1687 1324 1844 1403 animoa
1870 1323 2004 1404 felices

636 1473 850 1554 ecorpore
872 1471 1048 1551 egressos
1068 1447 1208 1522 rursus
1229 1441 1444 1522 coalituros
1462 1470 1546 1523 csse
1570 1469 1664 1524 cum
1685 1446 1819 1524 animo
1837 1445 1909 1523 illo
1935 1447 2011 1554 qui

636 1571 787 1650 dicitur
805 1561 1032 1646 unt‘rersulis
1052 1565 1182 1672 etqui
1203 1561 1391 1642 aetherem
1423 1563 1631 1643 inhabitat
1656 1565 1780 1665 Quod
1805 1567 1839 1646 si
1863 1591 2009 1644 verum

635 1689 709 1785 sit,
733 1713 818 1765 non
844 1685 1015 1793 amplius
1039 1687 1197 1765 animus
1219 1711 1333 1764 mens
1351 1684 1419 1763 illa
1441 1699 1501 1764 est
1520 1708 1611 1794 quae
1633 1685 1710 1764 fuit
1731 1711 1824 1765 cum
1849 1688 1895 1765 in
1919 1711 2010 1764 cor·

634 1833 735 1917 porc
748 1821 848 1904 erat,
866 1805 1058 1915 quoniam
1072 1833 1157 1885 non
1171 1821 1298 1885 exstet
1308 1807 1386 1885 nisi
1400 1821 1447 1884 ut
1458 1805 1612 1912 guttula
1627 1831 1741 1915 aquae
1753 1808 1796 1884 in
1808 1809 2006 1884 immenso

634 1930 757 2029 mari,
783 1925 894 2007 unde
922 1925 1087 2006 l'orsitan
1116 1926 1335 2036 aliquando
1367 1953 1508 2006 mrsus
1530 1921 1728 2006 effluxum
1747 1944 1807 2006 est
1825 1931 1869 2006 io
1886 1927 2007 2005 aliam

632 2047 832 2127 fistulam:
849 2043 1023 2155 ideoque
1042 2063 1148 2126 recte
1166 2065 1300 2152 potest
1317 2048 1413 2127 hinc
1433 2046 1539 2126 ellici
1558 2049 1735 2128 animum
1752 2075 1836 2126 non
1856 2050 1935 2128 nisi
1957 2063 2005 2126 ut

635 2170 845 2247 materiam
865 2181 1060 2247 aeternum
1078 2165 1261 2249 futurum
1282 2193 1393 2263 essc;
1412 2170 1588 2248 materiae
1610 2184 1743 2248 autem
1765 2167 1876 2247 modi
1903 2185 2007 2247 tem·

635 2289 748 2396 poris
777 2287 1136 2368 circumvolutione
1164 2288 1452 2392 immntantur,
1474 2289 1586 2370 nulla
1608 2317 1706 2374 vero
1729 2289 1817 2397 ejus
1834 2317 1933 2399 ‘pars
1955 2293 2002 2368 in

634 2412 708 2490 sui
726 2409 894 2490 essentid
910 2411 1017 2518 perit
1033 2407 1102 2516 (1).

1173 2647 1206 2780 s
1247 2561 1479 2748 cxxvi

635 2915 637 2922 ’
690 2923 876 3022 Tertium
905 2949 1003 3006 vero
1025 2921 1210 3038 illudque
1238 2928 1515 3011 firmissimum
1541 2945 1826 3037 argumentum
1855 2959 1962 3042 quo,
1980 2963 2005 3014 e

636 3047 810 3126 Platonis
829 3048 1026 3148 doctrinis,
1044 3049 1168 3127 animi
1186 3047 1526 3131 immortalitatem
1545 3050 1817 3132 demonstrare
1832 3072 2003 3134 conatur

637 3167 758 3266 Cato,
786 3196 835 3248 ex
865 3169 950 3276 ejus
977 3168 1230 3278 simplicitate
1258 3189 1319 3252 est
1345 3172 1529 3281 petitum.
1561 3175 1664 3270 «Et,
1684 3200 1815 3283 quum
1834 3170 2003 3281 simplex

549 3333 553 3340 ·
637 3289 763 3368 animi
783 3306 925 3369 natura
943 3305 1046 3368 esset
1065 3317 1199 3402 neque
1216 3291 1385 3376 haberet
1402 3295 1446 3373 in
1463 3321 1505 3373 se
1530 3293 1757 3404 quidquam
1780 3291 2003 3374 admixtum

635 3409 773 3520 dispar
798 3413 862 3496 sui
889 3429 1011 3522 atque
1038 3405 1247 3521 dissimile,
1275 3444 1360 3496 non
1387 3443 1504 3524 posse
1536 3412 1688 3513 dividi3
1717 3413 1831 3526 quod
1857 3416 2003 3496 sinon

635 3525 780 3636 possit,
801 3561 886 3632 non
910 3541 1222 3643 posseinterire.
1242 3570 1263 3611 s
1293 3535 1390 3645 Cap.
1418 3564 1477 3641 nr.
1504 3533 1615 3645 §78.
1638 3534 1744 3645 Illud
1770 3552 1905 3617 autem
1932 3535 2002 3614 de·

638 3669 846 3754 promtum
866 3673 993 3738 estex
1012 3662 1158 3769 quinto
1178 3659 1291 3768 quod
1312 3655 1524 3739 retulimus
1545 3673 1782 3762 argumento
1805 3656 1998 3738 Platonici

636 3769 867 3878 Phaedonis,
884 3778 997 3885 cujus
1017 3782 1205 3888 princeps
1224 3797 1345 3890 atquc
1363 3779 1554 3885 primaria
1573 3779 1796 3886 propositio
1813 3793 1887 3881 est,
1907 3779 1998 3857 ani-

636 3917 750 3972 mum
770 3922 854 3976 esse
875 3898 1215 4009 simplicissimum
1232 3918 1274 3982 et
1291 3903 1344 3979 ab
1363 3900 1474 3982 omni
1493 3900 1779 4009 compositione
1807 3897 1996 3980 alienum.

678 4163 726 4253 (1)
771 4167 818 4231 lta
842 4169 1083 4238 ratiocinantur
1102 4169 1280 4238 Ourvms
1299 4183 1333 4239 et
1352 4156 1562 4238 somnus
1582 4172 1624 4238 ad
1641 4169 1811 4238 Ciceronis
1832 4169 1999 4238 Tuscula-

633 4289 713 4334 nam
723 4271 887 4358 primam,
899 4273 979 4364 Cap.
997 4277 1051 4342 25.
1064 4273 1164 4342 Conl.
1178 4275 1373 4364 Summjus
1386 4276 1425 4339 in
1434 4273 1517 4340 llist.
1530 4275 1654 4342 Philus.
1668 4299 1745 4366 pag.
1764 4275 1843 4365 547.
1859 4289 1891 4342 et
1910 4273 1999 4342 Tra-

626 4383 734 4438 cutm
746 4375 786 4440 de
798 4375 1021 4468 Metaphysica
1034 4381 1229 4448 Lovaniem.
1241 4380 1327 4447 Part.
1343 4379 1370 4444 Ι.
1381 4402 1452 4467 cap.
1464 4401 1540 4468 pag.
1555 4400 1612 4464 10,
1626 4381 1826 4468 tydei-175.
