<?xml version="1.0" encoding="UTF-8"?>
<!DOCTYPE html PUBLIC "-//W3C//DTD XHTML 1.0 Transitional//EN"
    "http://www.w3.org/TR/xhtml1/DTD/xhtml1-transitional.dtd">
<html xmlns="http://www.w3.org/1999/xhtml" xml:lang="en" lang="en">
 <head>
  <title>
</title>
<meta http-equiv="Content-Type" content="text/html;charset=utf-8" />
  <meta name='ocr-system' content='tesseract 3.04.00' />
  <meta name='ocr-capabilities' content='ocr_page ocr_carea ocr_par ocr_line ocrx_word'/>
</head>
<body>
  <div class='ocr_page' id='page_1' title='image "annalesacademia01goog_0304.png"; bbox 0 0 4517 5867; ppageno 0'>
   <div class='ocr_carea' id='block_1_1' title="bbox 629 497 1636 612">
    <p class='ocr_par' dir='ltr' id='par_1_1' title="bbox 629 497 1636 612">
     <span class='ocr_line' id='line_1_1' title="bbox 629 497 1636 612; baseline -0.022 -14"><span class='ocrx_word' id='word_1_1' title='bbox 629 523 705 612; x_wconf 60' lang='lat' dir='ltr'>:sled</span> <span class='ocrx_word' id='word_1_2' title='bbox 984 511 1139 586; x_wconf 73' lang='lat' dir='ltr'>tutet</span> <span class='ocrx_word' id='word_1_3' title='bbox 1159 509 1256 584; x_wconf 80' lang='lat' dir='ltr'>tos</span> <span class='ocrx_word' id='word_1_4' title='bbox 1279 505 1387 584; x_wconf 62' lang='lat' dir='ltr'>Vll(</span> <span class='ocrx_word' id='word_1_5' title='bbox 1408 505 1510 580; x_wconf 78' lang='lat' dir='ltr'>nnn</span> <span class='ocrx_word' id='word_1_6' title='bbox 1530 497 1636 578; x_wconf 75' lang='lat' dir='ltr'>Tott</span> 
     </span>
    </p>
   </div>
   <div class='ocr_carea' id='block_1_2' title="bbox 517 683 2002 1652">
    <p class='ocr_par' dir='ltr' id='par_1_2' title="bbox 517 683 2002 1652">
     <span class='ocr_line' id='line_1_2' title="bbox 627 683 1999 804; baseline -0.01 -25"><span class='ocrx_word' id='word_1_7' title='bbox 627 692 835 802; x_wconf 68' lang='lat' dir='ltr'>allegoria,</span> <span class='ocrx_word' id='word_1_8' title='bbox 854 717 938 804; x_wconf 82' lang='lat' dir='ltr'>qun</span> <span class='ocrx_word' id='word_1_9' title='bbox 959 689 1185 774; x_wconf 83' lang='lat' dir='ltr'><strong>ostenditur</strong></span> <span class='ocrx_word' id='word_1_10' title='bbox 1202 686 1419 771; x_wconf 76' lang='lat' dir='ltr'>discrimen</span> <span class='ocrx_word' id='word_1_11' title='bbox 1436 688 1542 766; x_wconf 82' lang='lat' dir='ltr'>in‘tcr</span> <span class='ocrx_word' id='word_1_12' title='bbox 1560 697 1737 764; x_wconf 83' lang='lat' dir='ltr'>mortem</span> <span class='ocrx_word' id='word_1_13' title='bbox 1751 684 1863 764; x_wconf 80' lang='lat' dir='ltr'>senis</span> <span class='ocrx_word' id='word_1_14' title='bbox 1879 700 1922 764; x_wconf 89' lang='lat' dir='ltr'>ct</span> <span class='ocrx_word' id='word_1_15' title='bbox 1931 683 1999 797; x_wconf 85' lang='lat' dir='ltr'>ju·</span> 
     </span>
     <span class='ocr_line' id='line_1_3' title="bbox 628 804 1999 921; baseline -0.007 -22"><span class='ocrx_word' id='word_1_16' title='bbox 628 819 760 921; x_wconf 68' lang='lat' dir='ltr'>venis,</span> <span class='ocrx_word' id='word_1_17' title='bbox 777 832 904 898; x_wconf 80' lang='lat' dir='ltr'>exstat</span> <span class='ocrx_word' id='word_1_18' title='bbox 920 816 965 896; x_wconf 93' lang='lat' dir='ltr'>in</span> <span class='ocrx_word' id='word_1_19' title='bbox 982 831 1122 898; x_wconf 87' lang='lat' dir='ltr'>nostro</span> <span class='ocrx_word' id='word_1_20' title='bbox 1143 813 1325 920; x_wconf 81' lang='lat' dir='ltr'>dialogo,</span> <span class='ocrx_word' id='word_1_21' title='bbox 1351 811 1426 892; x_wconf 87' lang='lat' dir='ltr'>ubi</span> <span class='ocrx_word' id='word_1_22' title='bbox 1453 812 1510 888; x_wconf 83' lang='lat' dir='ltr'>ait</span> <span class='ocrx_word' id='word_1_23' title='bbox 1533 807 1658 909; x_wconf 75' lang='lat' dir='ltr'>Cato,</span> <span class='ocrx_word' id='word_1_24' title='bbox 1677 804 1999 891; x_wconf 75' lang='lat' dir='ltr'>«Adulescentes</span> 
     </span>
     <span class='ocr_line' id='line_1_4' title="bbox 542 927 1998 1045; baseline -0.012 -17"><span class='ocrx_word' id='word_1_25' title='bbox 542 1025 545 1028; x_wconf 83' lang='lat'>.</span> <span class='ocrx_word' id='word_1_26' title='bbox 631 941 738 1024; x_wconf 90' lang='lat' dir='ltr'>mori</span> <span class='ocrx_word' id='word_1_27' title='bbox 754 939 812 1022; x_wconf 89' lang='lat' dir='ltr'>sic</span> <span class='ocrx_word' id='word_1_28' title='bbox 830 937 931 1018; x_wconf 90' lang='lat' dir='ltr'>mihi</span> <span class='ocrx_word' id='word_1_29' title='bbox 950 936 1157 1037; x_wconf 81' lang='lat' dir='ltr'>videntur,</span> <span class='ocrx_word' id='word_1_30' title='bbox 1175 951 1224 1014; x_wconf 90' lang='lat' dir='ltr'>ut</span> <span class='ocrx_word' id='word_1_31' title='bbox 1245 961 1375 1045; x_wconf 88' lang='lat' dir='ltr'>quum</span> <span class='ocrx_word' id='word_1_32' title='bbox 1390 959 1505 1043; x_wconf 78' lang='lat' dir='ltr'>aqum</span> <span class='ocrx_word' id='word_1_33' title='bbox 1521 927 1785 1010; x_wconf 88' lang='lat' dir='ltr'>multitudiue</span> <span class='ocrx_word' id='word_1_34' title='bbox 1801 930 1864 1010; x_wconf 82' lang='lat' dir='ltr'>vis</span> <span class='ocrx_word' id='word_1_35' title='bbox 1880 930 1998 1031; x_wconf 85' lang='lat' dir='ltr'>flum-</span> 
     </span>
     <span class='ocr_line' id='line_1_5' title="bbox 629 1050 1999 1170; baseline -0.008 -25"><span class='ocrx_word' id='word_1_36' title='bbox 629 1090 707 1146; x_wconf 79' lang='lat' dir='ltr'>mae</span> <span class='ocrx_word' id='word_1_37' title='bbox 724 1062 989 1170; x_wconf 81' lang='lat' dir='ltr'>opprimitur3</span> <span class='ocrx_word' id='word_1_38' title='bbox 1003 1085 1118 1140; x_wconf 89' lang='lat' dir='ltr'>senes</span> <span class='ocrx_word' id='word_1_39' title='bbox 1136 1073 1288 1155; x_wconf 81' lang='lat' dir='ltr'>sutem,</span> <span class='ocrx_word' id='word_1_40' title='bbox 1304 1056 1410 1164; x_wconf 87' lang='lat' dir='ltr'>sicut</span> <span class='ocrx_word' id='word_1_41' title='bbox 1424 1051 1497 1133; x_wconf 77' lang='lat' dir='ltr'>sud</span> <span class='ocrx_word' id='word_1_42' title='bbox 1512 1066 1676 1161; x_wconf 80' lang='lat' dir='ltr'>sponte,</span> <span class='ocrx_word' id='word_1_43' title='bbox 1693 1050 1806 1130; x_wconf 78' lang='lat' dir='ltr'>nulli</span> <span class='ocrx_word' id='word_1_44' title='bbox 1816 1051 1999 1136; x_wconf 71' lang='lat' dir='ltr'>adhibite</span> 
     </span>
     <span class='ocr_line' id='line_1_6' title="bbox 517 1173 2000 1290; baseline -0.011 -19"><span class='ocrx_word' id='word_1_45' title='bbox 517 1217 522 1226; x_wconf 80' lang='grc'>’</span> <span class='ocrx_word' id='word_1_46' title='bbox 629 1187 672 1271; x_wconf 80' lang='lat' dir='ltr'>vi</span> <span class='ocrx_word' id='word_1_47' title='bbox 685 1201 920 1267; x_wconf 90' lang='lat' dir='ltr'>consumtus</span> <span class='ocrx_word' id='word_1_48' title='bbox 931 1180 1365 1290; x_wconf 79' lang='lat' dir='ltr'>ignisexstinguitur‚»</span> <span class='ocrx_word' id='word_1_49' title='bbox 1381 1175 1476 1283; x_wconf 83' lang='lat' dir='ltr'>Cap.</span> <span class='ocrx_word' id='word_1_50' title='bbox 1491 1173 1862 1284; x_wconf 63' lang='lat' dir='ltr'>19.§071.Etsmtim</span> <span class='ocrx_word' id='word_1_51' title='bbox 1877 1173 2000 1281; x_wconf 78' lang='lat' dir='ltr'>infin,</span> 
     </span>
     <span class='ocr_line' id='line_1_7' title="bbox 631 1291 1997 1418; baseline -0.004 -32"><span class='ocrx_word' id='word_1_52' title='bbox 631 1339 654 1386; x_wconf 77' lang='grc' dir='ltr'>ι</span> <span class='ocrx_word' id='word_1_53' title='bbox 665 1311 718 1390; x_wconf 88' lang='lat' dir='ltr'>Et</span> <span class='ocrx_word' id='word_1_54' title='bbox 736 1309 852 1418; x_wconf 88' lang='lat' dir='ltr'>qussi</span> <span class='ocrx_word' id='word_1_55' title='bbox 869 1333 989 1416; x_wconf 84' lang='lat' dir='ltr'>poma</span> <span class='ocrx_word' id='word_1_56' title='bbox 1005 1333 1057 1386; x_wconf 83' lang='lat' dir='ltr'>ex</span> <span class='ocrx_word' id='word_1_57' title='bbox 1075 1301 1311 1406; x_wconf 78' lang='lat' dir='ltr'>arboribus,</span> <span class='ocrx_word' id='word_1_58' title='bbox 1323 1302 1360 1382; x_wconf 90' lang='lat' dir='ltr'>si</span> <span class='ocrx_word' id='word_1_59' title='bbox 1375 1291 1503 1381; x_wconf 82' lang='lat' dir='ltr'>crude</span> <span class='ocrx_word' id='word_1_60' title='bbox 1519 1297 1624 1394; x_wconf 85' lang='lat' dir='ltr'>sint,</span> <span class='ocrx_word' id='word_1_61' title='bbox 1637 1296 1680 1375; x_wconf 78' lang='lat' dir='ltr'>vi</span> <span class='ocrx_word' id='word_1_62' title='bbox 1696 1295 1949 1396; x_wconf 86' lang='lat' dir='ltr'>avelluntur,</span> <span class='ocrx_word' id='word_1_63' title='bbox 1963 1303 1997 1380; x_wconf 89' lang='lat' dir='ltr'>si</span> 
     </span>
     <span class='ocr_line' id='line_1_8' title="bbox 631 1417 2002 1534; baseline -0.011 -18"><span class='ocrx_word' id='word_1_64' title='bbox 631 1447 790 1516; x_wconf 82' lang='lat' dir='ltr'>mature</span> <span class='ocrx_word' id='word_1_65' title='bbox 809 1445 851 1508; x_wconf 89' lang='lat' dir='ltr'>et</span> <span class='ocrx_word' id='word_1_66' title='bbox 868 1443 996 1528; x_wconf 86' lang='lat' dir='ltr'>cocta,</span> <span class='ocrx_word' id='word_1_67' title='bbox 1012 1423 1227 1534; x_wconf 56' lang='lat' dir='ltr'>deciduum</span> <span class='ocrx_word' id='word_1_68' title='bbox 1239 1424 1298 1518; x_wconf 85' lang='lat' dir='ltr'>sic</span> <span class='ocrx_word' id='word_1_69' title='bbox 1311 1423 1437 1504; x_wconf 80' lang='lat' dir='ltr'>vitam</span> <span class='ocrx_word' id='word_1_70' title='bbox 1447 1417 1770 1502; x_wconf 70' lang='lat' dir='ltr'>adolescentibus</span> <span class='ocrx_word' id='word_1_71' title='bbox 1780 1418 2002 1526; x_wconf 67' lang='lat' dir='ltr'>mamert,</span> 
     </span>
     <span class='ocr_line' id='line_1_9' title="bbox 632 1548 1075 1652; baseline -0.018 -21"><span class='ocrx_word' id='word_1_72' title='bbox 632 1548 799 1632; x_wconf 87' lang='lat' dir='ltr'>senibus</span> <span class='ocrx_word' id='word_1_73' title='bbox 817 1549 1035 1650; x_wconf 79' lang='lat' dir='ltr'>maturitas.</span> <span class='ocrx_word' id='word_1_74' title='bbox 1045 1577 1075 1652; x_wconf 15' lang='lat' dir='ltr'>»y</span> 
     </span>
    </p>
   </div>
   <div class='ocr_carea' id='block_1_3' title="bbox 1169 1727 1474 1872">
    <p class='ocr_par' dir='ltr' id='par_1_3' title="bbox 1169 1727 1474 1872">
     <span class='ocr_line' id='line_1_10' title="bbox 1169 1727 1474 1872; baseline -0.049 0"><span class='ocrx_word' id='word_1_75' title='bbox 1169 1727 1474 1872; x_wconf 74' lang='lat' dir='ltr'><strong>§LXXIIL</strong></span> 
     </span>
    </p>
   </div>
   <div class='ocr_carea' id='block_1_4' title="bbox 596 1995 2022 4164">
    <p class='ocr_par' dir='ltr' id='par_1_4' title="bbox 596 1995 2022 4164">
     <span class='ocr_line' id='line_1_11' title="bbox 689 1995 2005 2113; baseline -0.004 -31"><span class='ocrx_word' id='word_1_76' title='bbox 689 2003 787 2083; x_wconf 86' lang='lat' dir='ltr'>lure</span> <span class='ocrx_word' id='word_1_77' title='bbox 808 2000 976 2112; x_wconf 89' lang='lat' dir='ltr'>quidem</span> <span class='ocrx_word' id='word_1_78' title='bbox 996 2029 1042 2083; x_wconf 83' lang='lat' dir='ltr'>uc</span> <span class='ocrx_word' id='word_1_79' title='bbox 1062 2003 1210 2083; x_wconf 80' lang='lat' dir='ltr'>merito</span> <span class='ocrx_word' id='word_1_80' title='bbox 1231 2003 1369 2113; x_wconf 87' lang='lat' dir='ltr'>itaque</span> <span class='ocrx_word' id='word_1_81' title='bbox 1394 2002 1594 2101; x_wconf 82' lang='lat' dir='ltr'>existimat</span> <span class='ocrx_word' id='word_1_82' title='bbox 1616 1995 1717 2080; x_wconf 79' lang='lat' dir='ltr'>cato</span> <span class='ocrx_word' id='word_1_83' title='bbox 1739 1997 1895 2078; x_wconf 89' lang='lat' dir='ltr'>nullum</span> <span class='ocrx_word' id='word_1_84' title='bbox 1914 2025 2005 2099; x_wconf 82' lang='lat' dir='ltr'>esse</span> 
     </span>
     <span class='ocr_line' id='line_1_12' title="bbox 636 2118 2004 2232; baseline -0.001 -28"><span class='ocrx_word' id='word_1_85' title='bbox 636 2125 858 2204; x_wconf 88' lang='lat' dir='ltr'>terminum</span> <span class='ocrx_word' id='word_1_86' title='bbox 880 2125 1111 2222; x_wconf 75' lang='lat' dir='ltr'>senectutis,</span> <span class='ocrx_word' id='word_1_87' title='bbox 1131 2150 1226 2203; x_wconf 89' lang='lat' dir='ltr'>cum</span> <span class='ocrx_word' id='word_1_88' title='bbox 1247 2124 1353 2204; x_wconf 85' lang='lat' dir='ltr'>circa</span> <span class='ocrx_word' id='word_1_89' title='bbox 1373 2138 1541 2222; x_wconf 81' lang='lat' dir='ltr'>caeteras</span> <span class='ocrx_word' id='word_1_90' title='bbox 1549 2137 1699 2222; x_wconf 79' lang='lat' dir='ltr'>etates,</span> <span class='ocrx_word' id='word_1_91' title='bbox 1716 2118 1883 2232; x_wconf 84' lang='lat' dir='ltr'>qnando</span> <span class='ocrx_word' id='word_1_92' title='bbox 1900 2123 2004 2202; x_wconf 90' lang='lat' dir='ltr'>inci·</span> 
     </span>
     <span class='ocr_line' id='line_1_13' title="bbox 596 2240 2005 2354; baseline -0.001 -30"><span class='ocrx_word' id='word_1_93' title='bbox 596 2336 600 2345; x_wconf 30' lang='lat'>¹</span> <span class='ocrx_word' id='word_1_94' title='bbox 640 2245 757 2354; x_wconf 86' lang='lat' dir='ltr'>piant</span> <span class='ocrx_word' id='word_1_95' title='bbox 777 2241 1025 2354; x_wconf 86' lang='lat' dir='ltr'>quandoque</span> <span class='ocrx_word' id='word_1_96' title='bbox 1046 2242 1253 2343; x_wconf 81' lang='lat' dir='ltr'>desinant,</span> <span class='ocrx_word' id='word_1_97' title='bbox 1273 2243 1373 2322; x_wconf 83' lang='lat' dir='ltr'>certi</span> <span class='ocrx_word' id='word_1_98' title='bbox 1390 2240 1492 2353; x_wconf 86' lang='lat' dir='ltr'>quid</span> <span class='ocrx_word' id='word_1_99' title='bbox 1513 2242 1775 2322; x_wconf 81' lang='lat' dir='ltr'>constitnmm</span> <span class='ocrx_word' id='word_1_100' title='bbox 1791 2243 1853 2322; x_wconf 83' lang='lat' dir='ltr'>sit.</span> <span class='ocrx_word' id='word_1_101' title='bbox 1873 2243 2005 2322; x_wconf 73' lang='lat' dir='ltr'>«Om-</span> 
     </span>
     <span class='ocr_line' id='line_1_14' title="bbox 641 2361 2006 2465; baseline -0.004 -21"><span class='ocrx_word' id='word_1_102' title='bbox 641 2365 759 2444; x_wconf 91' lang='lat' dir='ltr'>nium</span> <span class='ocrx_word' id='word_1_103' title='bbox 776 2381 936 2446; x_wconf 82' lang='lat' dir='ltr'>aetatum</span> <span class='ocrx_word' id='word_1_104' title='bbox 953 2379 1086 2444; x_wconf 71' lang='lat' dir='ltr'>certius</span> <span class='ocrx_word' id='word_1_105' title='bbox 1105 2380 1166 2442; x_wconf 87' lang='lat' dir='ltr'>est</span> <span class='ocrx_word' id='word_1_106' title='bbox 1180 2364 1396 2465; x_wconf 78' lang='lat' dir='ltr'>terminus,</span> <span class='ocrx_word' id='word_1_107' title='bbox 1417 2361 1634 2442; x_wconf 82' lang='lat' dir='ltr'>senectutis</span> <span class='ocrx_word' id='word_1_108' title='bbox 1662 2377 1799 2445; x_wconf 85' lang='lat' dir='ltr'>autem</span> <span class='ocrx_word' id='word_1_109' title='bbox 1825 2362 1970 2443; x_wconf 89' lang='lat' dir='ltr'>nullus.</span> <span class='ocrx_word' id='word_1_110' title='bbox 1982 2393 2006 2438; x_wconf 74' lang='lat' dir='ltr'>s</span> 
     </span>
     <span class='ocr_line' id='line_1_15' title="bbox 642 2482 2006 2596; baseline -0.001 -31"><span class='ocrx_word' id='word_1_111' title='bbox 642 2484 740 2593; x_wconf 85' lang='lat' dir='ltr'>Cap.</span> <span class='ocrx_word' id='word_1_112' title='bbox 768 2511 825 2596; x_wconf 91' lang='lat'>19.</span> <span class='ocrx_word' id='word_1_113' title='bbox 845 2489 872 2584; x_wconf 86' lang='lat'>§</span> <span class='ocrx_word' id='word_1_114' title='bbox 890 2511 953 2594; x_wconf 82' lang='lat'>72.</span> <span class='ocrx_word' id='word_1_115' title='bbox 977 2483 1093 2566; x_wconf 84' lang='lat' dir='ltr'>Multi</span> <span class='ocrx_word' id='word_1_116' title='bbox 1117 2500 1253 2565; x_wconf 84' lang='lat' dir='ltr'>tamen</span> <span class='ocrx_word' id='word_1_117' title='bbox 1274 2483 1669 2596; x_wconf 17' lang='lat' dir='ltr'>scriptores-antiqui</span> <span class='ocrx_word' id='word_1_118' title='bbox 1692 2484 1738 2563; x_wconf 94' lang='lat' dir='ltr'>in</span> <span class='ocrx_word' id='word_1_119' title='bbox 1757 2509 1809 2563; x_wconf 90' lang='lat' dir='ltr'>eo</span> <span class='ocrx_word' id='word_1_120' title='bbox 1826 2482 2006 2564; x_wconf 84' lang='lat' dir='ltr'>elabora·</span> 
     </span>
     <span class='ocr_line' id='line_1_16' title="bbox 641 2605 2007 2714; baseline -0.001 -30"><span class='ocrx_word' id='word_1_121' title='bbox 641 2621 789 2685; x_wconf 83' lang='lat' dir='ltr'>verunt</span> <span class='ocrx_word' id='word_1_122' title='bbox 808 2621 857 2684; x_wconf 92' lang='lat' dir='ltr'>ut</span> <span class='ocrx_word' id='word_1_123' title='bbox 880 2621 989 2686; x_wconf 83' lang='lat' dir='ltr'>certo</span> <span class='ocrx_word' id='word_1_124' title='bbox 1007 2607 1180 2686; x_wconf 88' lang='lat' dir='ltr'>termino</span> <span class='ocrx_word' id='word_1_125' title='bbox 1201 2605 1332 2714; x_wconf 86' lang='lat' dir='ltr'>ipsam</span> <span class='ocrx_word' id='word_1_126' title='bbox 1352 2605 1476 2685; x_wconf 86' lang='lat' dir='ltr'>etiam</span> <span class='ocrx_word' id='word_1_127' title='bbox 1490 2620 1736 2686; x_wconf 85' lang='lat' dir='ltr'>senectutem</span> <span class='ocrx_word' id='word_1_128' title='bbox 1753 2605 2007 2684; x_wconf 85' lang='lat' dir='ltr'>circumscri-</span> 
     </span>
     <span class='ocr_line' id='line_1_17' title="bbox 640 2723 2008 2831; baseline 0.007 -27"><span class='ocrx_word' id='word_1_129' title='bbox 640 2723 795 2804; x_wconf 85' lang='lat' dir='ltr'>berent</span> <span class='ocrx_word' id='word_1_130' title='bbox 819 2723 931 2806; x_wconf 83' lang='lat' dir='ltr'>Plato</span> <span class='ocrx_word' id='word_1_131' title='bbox 953 2727 1063 2806; x_wconf 91' lang='lat' dir='ltr'>enim</span> <span class='ocrx_word' id='word_1_132' title='bbox 1085 2726 1289 2831; x_wconf 80' lang='lat' dir='ltr'>octoginta</span> <span class='ocrx_word' id='word_1_133' title='bbox 1313 2741 1355 2806; x_wconf 87' lang='lat' dir='ltr'>et</span> <span class='ocrx_word' id='word_1_134' title='bbox 1376 2753 1507 2806; x_wconf 89' lang='lat' dir='ltr'>unum</span> <span class='ocrx_word' id='word_1_135' title='bbox 1528 2728 1668 2807; x_wconf 79' lang='lat' dir='ltr'>statuit</span> <span class='ocrx_word' id='word_1_136' title='bbox 1688 2751 1834 2825; x_wconf 81' lang='lat' dir='ltr'>annos3</span> <span class='ocrx_word' id='word_1_137' title='bbox 1851 2725 2008 2814; x_wconf 68' lang='lat' dir='ltr'>Staseas</span> 
     </span>
     <span class='ocr_line' id='line_1_18' title="bbox 641 2846 2008 2954; baseline 0.003 -30"><span class='ocrx_word' id='word_1_138' title='bbox 641 2846 930 2952; x_wconf 83' lang='lat' dir='ltr'>Peripateticus</span> <span class='ocrx_word' id='word_1_139' title='bbox 946 2873 1146 2928; x_wconf 89' lang='lat' dir='ltr'>summam</span> <span class='ocrx_word' id='word_1_140' title='bbox 1162 2847 1293 2928; x_wconf 83' lang='lat' dir='ltr'>voluit</span> <span class='ocrx_word' id='word_1_141' title='bbox 1310 2873 1395 2928; x_wconf 91' lang='lat' dir='ltr'>esse</span> <span class='ocrx_word' id='word_1_142' title='bbox 1412 2863 1660 2929; x_wconf 88' lang='lat' dir='ltr'>senectutem</span> <span class='ocrx_word' id='word_1_143' title='bbox 1678 2873 1833 2928; x_wconf 85' lang='lat' dir='ltr'>anuum</span> <span class='ocrx_word' id='word_1_144' title='bbox 1850 2863 2008 2954; x_wconf 83' lang='lat' dir='ltr'>octoge-</span> 
     </span>
     <span class='ocr_line' id='line_1_19' title="bbox 641 2965 2008 3078; baseline 0 -30"><span class='ocrx_word' id='word_1_145' title='bbox 641 2970 790 3076; x_wconf 80' lang='lat' dir='ltr'>simum</span> <span class='ocrx_word' id='word_1_146' title='bbox 812 2983 1018 3078; x_wconf 84' lang='lat' dir='ltr'>quartum,</span> <span class='ocrx_word' id='word_1_147' title='bbox 1042 2994 1213 3078; x_wconf 90' lang='lat' dir='ltr'>eamque</span> <span class='ocrx_word' id='word_1_148' title='bbox 1237 2968 1324 3078; x_wconf 87' lang='lat' dir='ltr'>ejus</span> <span class='ocrx_word' id='word_1_149' title='bbox 1345 2970 1584 3050; x_wconf 84' lang='lat' dir='ltr'>sententiam</span> <span class='ocrx_word' id='word_1_150' title='bbox 1604 2965 1673 3048; x_wconf 89' lang='lat' dir='ltr'>alii</span> <span class='ocrx_word' id='word_1_151' title='bbox 1697 2967 1818 3051; x_wconf 89' lang='lat' dir='ltr'>multi</span> <span class='ocrx_word' id='word_1_152' title='bbox 1838 2967 2008 3076; x_wconf 81' lang='lat' dir='ltr'>amplexi</span> 
     </span>
     <span class='ocr_line' id='line_1_20' title="bbox 641 3077 2007 3196; baseline -0.001 -26"><span class='ocrx_word' id='word_1_153' title='bbox 641 3105 738 3171; x_wconf 92' lang='lat' dir='ltr'>sunt</span> <span class='ocrx_word' id='word_1_154' title='bbox 764 3088 833 3196; x_wconf 85' lang='lat'>(1).</span> <span class='ocrx_word' id='word_1_155' title='bbox 859 3077 1033 3170; x_wconf 69' lang='lat' dir='ltr'>Derides</span> <span class='ocrx_word' id='word_1_156' title='bbox 1061 3093 1232 3172; x_wconf 85' lang='lat' dir='ltr'>veroin</span> <span class='ocrx_word' id='word_1_157' title='bbox 1259 3089 1425 3172; x_wconf 88' lang='lat' dir='ltr'>Psalmis</span> <span class='ocrx_word' id='word_1_158' title='bbox 1452 3092 1673 3172; x_wconf 84' lang='lat' dir='ltr'>terminum</span> <span class='ocrx_word' id='word_1_159' title='bbox 1704 3088 1889 3168; x_wconf 81' lang='lat' dir='ltr'>humanae</span> <span class='ocrx_word' id='word_1_160' title='bbox 1915 3091 2007 3169; x_wconf 78' lang='lat' dir='ltr'>vitm</span> 
     </span>
     <span class='ocr_line' id='line_1_21' title="bbox 642 3191 2004 3319; baseline 0 -29"><span class='ocrx_word' id='word_1_161' title='bbox 642 3211 983 3319; x_wconf 77' lang='lat' dir='ltr'>septuagesimum</span> <span class='ocrx_word' id='word_1_162' title='bbox 997 3208 1100 3293; x_wconf 85' lang='lat' dir='ltr'>dixit</span> <span class='ocrx_word' id='word_1_163' title='bbox 1111 3191 1214 3313; x_wconf 73' lang='lat' dir='ltr'>esse,</span> <span class='ocrx_word' id='word_1_164' title='bbox 1230 3210 1282 3291; x_wconf 83' lang='lat' dir='ltr'>ad</span> <span class='ocrx_word' id='word_1_165' title='bbox 1297 3237 1519 3311; x_wconf 87' lang='lat' dir='ltr'>summum,</span> <span class='ocrx_word' id='word_1_166' title='bbox 1539 3209 1830 3318; x_wconf 83' lang='lat' dir='ltr'>octogesimum</span> <span class='ocrx_word' id='word_1_167' title='bbox 1845 3203 2004 3290; x_wconf 78' lang='lat' dir='ltr'>annum.</span> 
     </span>
     <span class='ocr_line' id='line_1_22' title="bbox 642 3328 2006 3414; baseline -0.001 -2"><span class='ocrx_word' id='word_1_168' title='bbox 642 3329 725 3412; x_wconf 87' lang='lat' dir='ltr'>Sed</span> <span class='ocrx_word' id='word_1_169' title='bbox 742 3329 919 3412; x_wconf 77' lang='lat' dir='ltr'>alienum</span> <span class='ocrx_word' id='word_1_170' title='bbox 936 3347 997 3412; x_wconf 89' lang='lat' dir='ltr'>est</span> <span class='ocrx_word' id='word_1_171' title='bbox 1014 3357 1039 3410; x_wconf 83' lang='lat' dir='ltr'>a</span> <span class='ocrx_word' id='word_1_172' title='bbox 1054 3347 1194 3412; x_wconf 89' lang='lat' dir='ltr'>nostro</span> <span class='ocrx_word' id='word_1_173' title='bbox 1211 3331 1381 3414; x_wconf 88' lang='lat' dir='ltr'>consilio</span> <span class='ocrx_word' id='word_1_174' title='bbox 1399 3333 1531 3412; x_wconf 82' lang='lat' dir='ltr'>varias</span> <span class='ocrx_word' id='word_1_175' title='bbox 1549 3331 1622 3412; x_wconf 88' lang='lat' dir='ltr'>bas</span> <span class='ocrx_word' id='word_1_176' title='bbox 1639 3332 1748 3411; x_wconf 83' lang='lat' dir='ltr'>inter</span> <span class='ocrx_word' id='word_1_177' title='bbox 1763 3357 1808 3410; x_wconf 88' lang='lat' dir='ltr'>se</span> <span class='ocrx_word' id='word_1_178' title='bbox 1824 3328 2006 3410; x_wconf 86' lang='lat' dir='ltr'>conferre</span> 
     </span>
     <span class='ocr_line' id='line_1_23' title="bbox 643 3451 2010 3563; baseline 0 -33"><span class='ocrx_word' id='word_1_179' title='bbox 643 3454 874 3550; x_wconf 88' lang='lat' dir='ltr'>sententias,</span> <span class='ocrx_word' id='word_1_180' title='bbox 885 3469 927 3532; x_wconf 89' lang='lat' dir='ltr'>et</span> <span class='ocrx_word' id='word_1_181' title='bbox 940 3479 1034 3562; x_wconf 80' lang='lat' dir='ltr'>quae</span> <span class='ocrx_word' id='word_1_182' title='bbox 1046 3455 1219 3533; x_wconf 87' lang='lat' dir='ltr'>maxime</span> <span class='ocrx_word' id='word_1_183' title='bbox 1233 3454 1287 3534; x_wconf 91' lang='lat' dir='ltr'>sit</span> <span class='ocrx_word' id='word_1_184' title='bbox 1299 3451 1539 3563; x_wconf 80' lang='lat' dir='ltr'>probabilis,</span> <span class='ocrx_word' id='word_1_185' title='bbox 1554 3451 1794 3561; x_wconf 82' lang='lat' dir='ltr'>dijudicare3</span> <span class='ocrx_word' id='word_1_186' title='bbox 1807 3451 2010 3533; x_wconf 88' lang='lat' dir='ltr'>monuisse</span> 
     </span>
     <span class='ocr_line' id='line_1_24' title="bbox 644 3570 2022 3682; baseline 0.001 -33"><span class='ocrx_word' id='word_1_187' title='bbox 644 3570 825 3650; x_wconf 69' lang='lat' dir='ltr'>sufficiat=</span> <span class='ocrx_word' id='word_1_188' title='bbox 836 3597 919 3682; x_wconf 90' lang='lat' dir='ltr'>qno</span> <span class='ocrx_word' id='word_1_189' title='bbox 934 3573 1062 3652; x_wconf 89' lang='lat' dir='ltr'>modo</span> <span class='ocrx_word' id='word_1_190' title='bbox 1082 3589 1329 3654; x_wconf 88' lang='lat' dir='ltr'>senectutem</span> <span class='ocrx_word' id='word_1_191' title='bbox 1347 3574 1511 3654; x_wconf 86' lang='lat' dir='ltr'>limitari</span> <span class='ocrx_word' id='word_1_192' title='bbox 1529 3573 1734 3655; x_wconf 86' lang='lat' dir='ltr'>voluerint</span> <span class='ocrx_word' id='word_1_193' title='bbox 1748 3574 1905 3682; x_wconf 86' lang='lat' dir='ltr'>antiqui</span> <span class='ocrx_word' id='word_1_194' title='bbox 1923 3572 2022 3652; x_wconf 66' lang='lat' dir='ltr'>Phiae</span> 
     </span>
     <span class='ocr_line' id='line_1_25' title="bbox 644 3685 2008 3803; baseline 0.006 -39"><span class='ocrx_word' id='word_1_195' title='bbox 644 3685 819 3796; x_wconf 73' lang='lat' dir='ltr'>losopffi,</span> <span class='ocrx_word' id='word_1_196' title='bbox 837 3692 908 3800; x_wconf 90' lang='lat' dir='ltr'>qui</span> <span class='ocrx_word' id='word_1_197' title='bbox 931 3689 1094 3771; x_wconf 81' lang='lat' dir='ltr'>fortasse</span> <span class='ocrx_word' id='word_1_198' title='bbox 1114 3720 1199 3772; x_wconf 90' lang='lat' dir='ltr'>non</span> <span class='ocrx_word' id='word_1_199' title='bbox 1216 3708 1301 3774; x_wconf 78' lang='lat' dir='ltr'>tum</span> <span class='ocrx_word' id='word_1_200' title='bbox 1317 3721 1404 3774; x_wconf 91' lang='lat' dir='ltr'>rem</span> <span class='ocrx_word' id='word_1_201' title='bbox 1421 3694 1550 3802; x_wconf 86' lang='lat' dir='ltr'>ipsam</span> <span class='ocrx_word' id='word_1_202' title='bbox 1568 3695 1864 3803; x_wconf 83' lang='lat' dir='ltr'>inquisiverunt</span> <span class='ocrx_word' id='word_1_203' title='bbox 1883 3717 2008 3800; x_wconf 88' lang='lat' dir='ltr'>quam</span> 
     </span>
     <span class='ocr_line' id='line_1_26' title="bbox 644 3807 2008 3921; baseline 0.004 -36"><span class='ocrx_word' id='word_1_204' title='bbox 644 3807 888 3891; x_wconf 87' lang='lat' dir='ltr'>studuerunt</span> <span class='ocrx_word' id='word_1_205' title='bbox 902 3837 990 3890; x_wconf 87' lang='lat' dir='ltr'>eam</span> <span class='ocrx_word' id='word_1_206' title='bbox 1002 3811 1314 3921; x_wconf 85' lang='lat' dir='ltr'>philosophandi</span> <span class='ocrx_word' id='word_1_207' title='bbox 1326 3817 1473 3894; x_wconf 90' lang='lat' dir='ltr'>rationi</span> <span class='ocrx_word' id='word_1_208' title='bbox 1485 3813 1795 3896; x_wconf 83' lang='lat' dir='ltr'>accommodare.</span> <span class='ocrx_word' id='word_1_209' title='bbox 1809 3815 1915 3892; x_wconf 88' lang='lat' dir='ltr'>Vere</span> <span class='ocrx_word' id='word_1_210' title='bbox 1927 3813 2008 3917; x_wconf 83' lang='lat' dir='ltr'>igi·</span> 
     </span>
     <span class='ocr_line' id='line_1_27' title="bbox 644 3927 2010 4035; baseline 0.005 -31"><span class='ocrx_word' id='word_1_211' title='bbox 644 3943 712 4008; x_wconf 89' lang='lat' dir='ltr'>tur</span> <span class='ocrx_word' id='word_1_212' title='bbox 729 3927 865 4010; x_wconf 88' lang='lat' dir='ltr'>dicere</span> <span class='ocrx_word' id='word_1_213' title='bbox 882 3929 978 4012; x_wconf 90' lang='lat' dir='ltr'>licet</span> <span class='ocrx_word' id='word_1_214' title='bbox 998 3959 1092 4012; x_wconf 91' lang='lat' dir='ltr'>cum</span> <span class='ocrx_word' id='word_1_215' title='bbox 1112 3934 1282 4035; x_wconf 80' lang='lat' dir='ltr'>Catone,</span> <span class='ocrx_word' id='word_1_216' title='bbox 1301 3936 1470 4014; x_wconf 91' lang='lat' dir='ltr'>minime</span> <span class='ocrx_word' id='word_1_217' title='bbox 1489 3949 1733 4016; x_wconf 83' lang='lat' dir='ltr'>senectutem</span> <span class='ocrx_word' id='word_1_218' title='bbox 1754 3961 1780 4012; x_wconf 91' lang='lat' dir='ltr'>a</span> <span class='ocrx_word' id='word_1_219' title='bbox 1796 3932 1942 4012; x_wconf 78' lang='lat' dir='ltr'>neturd</span> <span class='ocrx_word' id='word_1_220' title='bbox 1957 3931 2010 4011; x_wconf 89' lang='lat' dir='ltr'>li-</span> 
     </span>
     <span class='ocr_line' id='line_1_28' title="bbox 644 4043 2011 4164; baseline 0.004 -35"><span class='ocrx_word' id='word_1_221' title='bbox 644 4050 826 4164; x_wconf 84' lang='lat' dir='ltr'>mitatam</span> <span class='ocrx_word' id='word_1_222' title='bbox 850 4051 1007 4152; x_wconf 76' lang='lat' dir='ltr'>videri,</span> <span class='ocrx_word' id='word_1_223' title='bbox 1039 4080 1286 4162; x_wconf 85' lang='lat' dir='ltr'>quamquam</span> <span class='ocrx_word' id='word_1_224' title='bbox 1313 4080 1461 4160; x_wconf 81' lang='lat' dir='ltr'>senex,</span> <span class='ocrx_word' id='word_1_225' title='bbox 1492 4043 1596 4136; x_wconf 86' lang='lat' dir='ltr'>sicut</span> <span class='ocrx_word' id='word_1_226' title='bbox 1619 4053 1779 4162; x_wconf 76' lang='lat' dir='ltr'>juvenis</span> <span class='ocrx_word' id='word_1_227' title='bbox 1807 4069 1850 4134; x_wconf 84' lang='lat' dir='ltr'>et</span> <span class='ocrx_word' id='word_1_228' title='bbox 1875 4055 2011 4135; x_wconf 87' lang='lat' dir='ltr'>omnia</span> 
     </span>
    </p>
   </div>
   <div class='ocr_carea' id='block_1_5' title="bbox 645 4283 2008 4476">
    <p class='ocr_par' dir='ltr' id='par_1_5' title="bbox 645 4283 2008 4476">
     <span class='ocr_line' id='line_1_29' title="bbox 688 4283 2008 4456; baseline 0.001 -101"><span class='ocrx_word' id='word_1_229' title='bbox 688 4283 860 4456; x_wconf 52' lang='lat' dir='ltr'>(lffinn</span> <span class='ocrx_word' id='word_1_230' title='bbox 875 4285 1102 4356; x_wconf 74' lang='lat' dir='ltr'>esseorum</span> <span class='ocrx_word' id='word_1_231' title='bbox 1116 4288 1167 4358; x_wconf 86' lang='lat' dir='ltr'>De</span> <span class='ocrx_word' id='word_1_232' title='bbox 1176 4289 1240 4369; x_wconf 79' lang='lat' dir='ltr'>Die</span> <span class='ocrx_word' id='word_1_233' title='bbox 1252 4287 1359 4358; x_wconf 72' lang='lat' dir='ltr'>Natali</span> <span class='ocrx_word' id='word_1_234' title='bbox 1370 4289 1452 4380; x_wconf 80' lang='lat' dir='ltr'>Cap.</span> <span class='ocrx_word' id='word_1_235' title='bbox 1467 4291 1542 4359; x_wconf 82' lang='lat' dir='ltr'>XV.</span> <span class='ocrx_word' id='word_1_236' title='bbox 1561 4313 1638 4383; x_wconf 80' lang='lat' dir='ltr'>pag.</span> <span class='ocrx_word' id='word_1_237' title='bbox 1655 4312 1710 4380; x_wconf 79' lang='lat'>72.</span> <span class='ocrx_word' id='word_1_238' title='bbox 1720 4289 1938 4381; x_wconf 72' lang='lat' dir='ltr'>navemamp.</span> <span class='ocrx_word' id='word_1_239' title='bbox 1949 4290 2008 4358; x_wconf 90' lang='lat' dir='ltr'>ibi-</span> 
     </span>
     <span class='ocr_line' id='line_1_30' title="bbox 645 4403 1870 4476; baseline -0.006 -22"><span class='ocrx_word' id='word_1_240' title='bbox 645 4407 712 4476; x_wconf 85' lang='lat' dir='ltr'>que</span> <span class='ocrx_word' id='word_1_241' title='bbox 805 4403 866 4458; x_wconf 82' lang='lat' dir='ltr'>ott.</span> <span class='ocrx_word' id='word_1_242' title='bbox 1286 4443 1295 4454; x_wconf 84' lang='lat'><strong>.</strong></span> <span class='ocrx_word' id='word_1_243' title='bbox 1866 4418 1870 4426; x_wconf 92' lang='lat'>·</span> 
     </span>
    </p>
   </div>
   <div class='ocr_carea' id='block_1_6' title="bbox 0 0 2277 5860">
    <p class='ocr_par' dir='ltr' id='par_1_6' title="bbox 0 0 2277 5860">
     <span class='ocr_line' id='line_1_31' title="bbox 0 0 2277 5860; baseline 0 0"><span class='ocrx_word' id='word_1_244' title='bbox 0 0 2277 5860; x_wconf 95' lang='lat' dir='ltr'> </span> 
     </span>
    </p>
   </div>
  </div>
 </body>
</html>
