4517 5867
673 585 718 668 24
1035 577 1226 652 soanuts
1250 576 1473 648 utrrtsrs
1496 579 1652 648 uonn

670 789 980 877 immaterialius
1009 787 1121 869 fluidi
1149 788 1334 886 electrici‚·
1360 787 1587 898 ossigenium
1615 790 1658 870 vi
1683 791 1853 900 quadam
1881 793 2048 876 liberari

670 917 843 1011 deberet,
862 913 1232 1022 hydrogeniumque
1244 939 1369 1020 prope
1383 910 1481 993 illud
1493 910 1831 1022 reprodueeretur,
1845 930 1885 996 et
1896 918 1950 999 ab
1969 917 2049 996 lroe

668 1037 864 1149 principio
878 1035 1066 1144 qualitate
1080 1049 1342 1116 amoveretur.
1358 1035 1489 1143 Atque
1500 1034 1559 1114 sic
1571 1061 1736 1144 corpore
1752 1065 1835 1118 non
1851 1039 2049 1118 existente

668 1162 911 1257 rideremus,
938 1175 977 1238 et
1003 1156 1163 1240 calorioi
1183 1155 1672 1266 sensatiouempercipere
1688 1156 1942 1242 deberemus.
1974 1161 2050 1238 Vc-

669 1299 896 1366 rumtamon
913 1307 1038 1390 quum
1056 1281 1312 1390 phaenomena
1328 1279 1528 1396 ductrice,
1547 1297 1632 1362 tam
1653 1281 1774 1364 unius
1793 1280 1906 1364 lluidi
1921 1309 2070 1392 quum?

653 1407 843 1494 duorum
870 1403 1083 1484 fluidorum
1110 1404 1320 1514 adoptione
1341 1402 1530 1511 explicari
1547 1404 1721 1512 possint,
1739 1405 1871 1514 pelam
1894 1405 1960 1503 fit,
1979 1405 2051 1484 ad-

669 1529 805 1609 missis
826 1525 996 1624 duobus,
1015 1524 1266 1611 difficultates
1280 1523 1465 1633 majores,
1478 1526 1746 1645 majoremque
1760 1527 1923 1610 theoriae
1937 1554 2053 1608 corn-

652 1649 924 1762 ·plicationem
944 1649 1052 1734 oriri.
1399 1674 1403 1685 ·
1469 1675 1475 1688 ·
1687 1650 1690 1661 '

723 1821 929 1904 Columnae
947 1822 1072 1932 longae
1089 1835 1129 1902 et
1145 1811 1335 1932 angustae,
1358 1811 1405 1901 ut
1422 1833 1577 1902 constat
1599 1817 1898 1929 experimentis,
1920 1818 2048 1925 potis·

669 1941 818 2022 simum
837 1943 1132 2025 electricitatem
1149 1935 1357 2041 evolvunt3
1381 1943 1470 2037 latae
1488 1960 1527 2023 et
1543 1943 1670 2051 longae
1688 1942 1836 2052 partim
1854 1940 2048 2020 eleotrici·

669 2079 806 2163 tatem,
820 2055 970 2172 partim
982 2063 1216 2160 calorioum;
1235 2062 1326 2144 latae
1340 2079 1379 2142 et
1393 2053 1534 2146 breves
1547 2064 1710 2144 omnino
1723 2062 1806 2145 fere
1819 2062 2046 2144 calorioum.

669 2182 1069 2290 Indeque'manilesta
1093 2183 1226 2264 evadit
1246 2186 1425 2292 analogia
1450 2183 1617 2271 fluidum
1636 2185 1871 2267 eleotrieum·
1884 2185 1992 2266 inter
2010 2201 2048 2263 et

669 2299 804 2383 lumen
824 2307 865 2380 e't
887 2302 1111 2381 oalorioum.
1134 2305 1265 2409 Atque
1287 2300 1502 2385 adrerum
1525 2330 1650 2413 prope
1671 2305 1820 2386 accedit
1839 2368 1850 2406 ,
1872 2307 2047 2392 ,unicum

670 2422 830 2532 quidem
850 2437 1015 2530 oorpus4
1034 2447 1108 2530 pro
1124 2421 1591 2524 vuriieuircumetuntiis,
1611 2440 1693 2508 tres
1712 2425 2047 2528 modificationes,
2103 2455 2107 2466 ·

568 2557 574 2570 '
668 2545 818 2629 scilieet
834 2545 984 2644 lumen,
1003 2543 1219 2626 celorinum
1235 2561 1275 2627 et
1293 2543 1462 2628 lluidum
1479 2547 1707 2630 electricum
1724 2549 1836 2635 inire.

606 2805 608 2810 ,
703 2767 712 2776 1-
720 2715 923 2826 Physicus
938 2717 1059 2814 Here,
1082 2743 1132 2794 ex
1152 2714 1554 2824 urbeflPhiladelphia,
1569 2717 1800 2800 ‚columnam
1818 2723 2047 2804 coneuuxit

667 2828 1574 2948 lmlmodifiuulaffliffifflmmunialionlbue
1586 2841 1799 2927 metalllois
1817 2842 2046 2950 unioopari

667 2949 863 3035 metallico
880 2964 1063 3028 constans
1085 2942 1327 3024 considerari
1343 2946 1487 3055 possit3
1505 2965 1576 3028 aut
1591 2952 1709 3031 unloo
1728 2955 1923 3049 columnae
1940 2991 2043 3076 mag.

667 3077 730 3170 nae
748 3069 968 3181 superliclei
985 3066 1177 3149 elemento
1194 3065 1358 3175 praedita
1374 3066 1599 3168 haberetur.
1621 3073 1722 3155 Haec·
1732 3095 1867 3172 autem
1886 3087 2043 3193 superii.

666 3197 748 3277 cles
769 3189 1018 3275 solummodo
1041 3189 1254 3270 calorieur'n
1277 3187 1450 3291 evolvit3
1475 3204 1715 3306 quapropter
1742 3199 2040 3292 Calorimotort's

667 3318 826 3410 nomine
848 3343 935 3400 eam
958 3311 1237 3398 denominavit.
1266 3311 1437 3392 Aliunde
1462 3315 1571 3395 enlm
1595 3316 1788 3423 ejusmodi
1815 3321 2039 3407 differentia

666 3441 764 3532 oriri
801 3467 881 3518 non
916 3451 1070 3544 posset,
1107 3435 1186 3514 nisi
1220 3435 1344 3516 variis
1378 3435 1421 3516 in
1444 3435 1753 3523 'circumstantiis
1782 3461 1863 3526 tres
1889 3449 2038 3530 modili-

667 3561 839 3642 cationes
860 3591 868 3637 :
890 3557 1069 3656 luminis,
1090 3555 1356 3638 electrioitatis
1377 3573 1416 3638 et
1433 3559 1574 3658 caloris
1595 3561 1807 3650 caloricum
1825 3584 2036 3674 pateretur.

544 3679 547 3686 ’
667 3684 761 3764 Haec
783 3679 974 3761 nimirum
992 3679 1214 3786 proprietas
1233 3675 1399 3758 calorico
1421 3682 1595 3760 recusari
1613 3685 1771 3790 nequit3
1793 3703 1833 3765 et
1849 3685 1948 3768 nihil
1966 3689 2037 3779 olr-

667 3822 762 3903 stat,
785 3819 832 3885 ut
852 3795 1034 3911 equidem
1049 3800 1176 3909 puto,
1196 3801 1429 3908 quominus,
1450 3801 1493 3880 ln
1514 3791 1765 3911 separatione
1779 3806 1830 3888 ab
1853 3811 2035 3921 oxigonio

668 3955 793 4034 aquae,
818 3925 861 4020 in
883 3917 1174 4013 electricitatem
1197 3949 1282 4002 sese
1304 3921 1530 4003 modificare
1546 3926 1684 4007 valeat.
1707 3929 1913 4040 Numquid
1937 3961 2034 4043 prae-

669 4062 773 4126 terea
791 4046 982 4127 columnae
1001 4043 1173 4125 lluldnm‘
1184 4073 1349 4155 corpora
1368 4044 1597 4154 liquefacit?
1619 4044 1824 4160 Numquid
1839 4082 1884 4133 ea
1905 4057 2032 4136 calore

668 4167 789 4266 rubro
801 4167 924 4248 inlicit
935 4169 995 4249 uti
1004 4169 1138 4276 ipsum
1147 4168 1383 4248 calorieum'l
1401 4169 1608 4278 Numquid
1620 4171 1696 4251 sub
1709 4176 1951 4282 explosione,
1965 4176 2030 4256 uhi

666 4319 739 4399 pro
756 4317 828 4370 sua
838 4289 1138 4370 condensatione
1154 4315 1222 4397 per
1235 4288 1482 4397 angustiores
1494 4292 1581 4371 rias
1596 4295 1754 4394 transit,
1770 4296 2028 4377 electricitatls

665 4410 804 4512 instar,
830 4411 933 4492 clara
959 4412 1044 4502 luce
1067 4409 1247 4508 colhtoet,
1272 4425 1379 4489 statu
1402 4408 1566 4491 luminis
1583 4415 1795 4536 praeditum
1819 4423 1839 4496 ‘l
1859 4445 2027 4503 eommo-
