4517 5867
613 599 663 670 90
973 577 1239 649 raratros.
1263 569 1618 654 tranuntur

613 769 811 954 Efaeoeptt
833 779 1053 864 exponere,
1072 756 1239 866 ejusque
1261 759 1390 838 varias
1407 757 1606 840 illustrare
1625 763 1838 846 sententias
1856 789 1979 848 cona·

643 903 768 956 imur..

1140 1047 1445 1190 §xxxva
1587 1041 1591 1054 ’

667 1337 772 1419 cum
785 1339 909 1444 igitur
921 1337 1021 1420 duas
1033 1339 1191 1448 priores
1211 1366 1384 1441 mataras,
1396 1367 1469 1420 cur
1485 1355 1668 1422 senectus
1685 1343 1829 1423 misera
1842 1339 1976 1423 videa·

615 1460 803 1566 turpjam
825 1459 1041 1542 confutarit
1059 1461 1223 1558 Noster,
1244 1463 1386 1540 transit
1408 1461 1460 1540 ad
1480 1463 1639 1541 tertiam
1660 1461 1788 1565 illam,
1806 1461 1887 1570 jam
1908 1491 1975 1544 su-

614 1607 690 1688 pra
706 1580 800 1687 Cap.
821 1607 856 1662 2.
876 1585 955 1691 §p
978 1581 1119 1661 leviter
1137 1580 1373 1662 indicatam:
1397 1579 1644 1662 Senectutem
1665 1586 1827 1691 privare
1848 1587 1976 1664 omni-

616 1703 690 1781 bas
705 1704 803 1806 [ονε
819 1701 1090 1810 ωοὶιφεαεῶω
1098 1731 1118 1797 ,·
1143 1725 1267 1812 eaque
1292 1701 1507 1810 disputatio
1529 1732 1552 1783 a
1572 1701 1711 1814 Capite
1737 1733 1793 1786 12.
1808 1711 1839 1806 .§
1857 1703 1911 1817 39
1926 1703 1976 1784 ad

615 1823 712 1931 Cap.
738 1851 795 1933 ¹9·
817 1824 925 1926 566.
944 1821 1194 1934 producitur.
1213 1824 1378 1904 Summa
1399 1840 1534 1906 autern
1554 1824 1835 1934 disputationis
1858 1829 1904 1906 in
1928 1854 1974 1906 eo

616 1964 809 2043 versatur,
822 1963 870 2026 ut
883 1944 1181 2028 demonstretur
1197 1972 1361 2052 magnas
1375 1943 1579 2028 habendas
1597 1975 1680 2026 esse
1698 1949 1844 2050 gratias
1863 1973 1976 2026 sene·

615 2068 732 2163 etuti,
745 2067 860 2176 quod
868 2069 1050 2172 pessimis
1064 2066 1142 2144 iliis
1152 2065 1430 2170 voluptatibus
1443 2083 1572 2164 vacet,
1584 2064 1806 2144 vinolentis
1819 2093 1977 2175 praeser

615 2187 935 2268 timaevenereia
941 2182 1224 2291 voluptatibus.
1240 2181 1432 2292 Sequitur
1441 2181 1639 2289 expositio
1650 2181 1901 2292 voluptatum
1909 2187 1978 2266 bo-

615 2325 821 2388 nestarum
834 2303 1026 2414 aquibus
1042 2329 1094 2383 ne
1109 2305 1195 2409 ipse
1214 2302 1380 2413 quidem
1395 2302 1494 2399 Cato
1506 2303 1558 2381 sit
1568 2300 1734 2406 alienus,
1747 2321 1788 2384 et
1799 2307 1977 2387 remedia

614 2425 1048 2541 quaedamadjiciuutur
1056 2424 1208 2533 quibus
1217 2424 1401 2504 homines
1413 2425 1578 2534 apravis
1588 2419 1794 2505 affectibus
1807 2429 1977 2506 omnino

614 2566 851 2649 avocentur,
874 2547 1140 2654 temperantia
1160 2543 1311 2626 scilicet
1334 2561 1456 2656 atque
1482 2548 1731 2642 exercitati03
1760 2549 1803 2624 in
1832 2549 1974 2654 primis

612 2697 711 2752 vero
732 2667 1041 2750 commendatur
1061 2667 1216 2750 cultura
1241 2693 1448 2776 agrorum,
1476 2695 1568 2778 quae
1590 2669 1771 2750 maximis
1788 2667 1977 2750 laudibus
2054 2762 2058 2770 Ι

615 2791 851 2872 cumulatur.

1125 2963 1159 3098 e
1199 2953 1462 3064 mvn.

666 3238 725 3312 Ac
744 3234 922 3342 primum
943 3229 1111 3342 quidem
1130 3231 1335 3329 omnium,
1353 3257 1438 3340 quo
1457 3229 1548 3336 plus
1566 3233 1813 3312 auctoritatis
1832 3229 1973 3314 habeat

519 3361 523 3368 ’
614 3356 765 3455 oratio,
781 3369 1056 3433 memorantur
1075 3377 1170 3461 quae
1193 3371 1285 3430 eum
1311 3351 1474 3431 Platone
1501 3352 1598 3430 olim
1623 3351 1873 3435 disseruisset
1897 3359 1973 3435 Ar»

614 3473 751 3583 chytas
768 3473 1025 3572 Tarentinus,
1043 3474 1107 3551 vir
1124 3495 1293 3574 magnus
1309 3473 1352 3550 in
1371 3471 1512 3580 primis
1533 3489 1572 3551 et
1589 3472 1800 3580 praeclarus
1816 3478 1885 3581 (r),
1902 3477 1973 3585 qui

614 3629 635 3671 a
656 3585 807 3680 nullam
827 3595 1098 3706 capitaliorem
1116 3611 1271 3702 pestem
1293 3615 1414 3703 quam
1434 3595 1616 3703 corporis
1636 3594 1881 3703 voluptatem
1898 3597 1972 3702 (a)

656 3851 704 3959 (κ’)
728 3865 830 3940 Cous.
847 3866 889 3936 de
904 3887 943 3935 eo
960 3829 1035 3934 Jac:
1050 3863 1267 3932 Buucuraus
1283 3865 1322 3932 in
1338 3859 1421 3932 Hist.
1439 3861 1523 3933 Crit.
1537 3855 1658 3933 chan.
1672 3865 1768 3931 Tom.
1784 3857 1970 3932 1.Pan.11.

611 3975 687 4042 Lib.
705 3977 748 4042 Π.
762 4002 836 4068 cap.
852 3997 904 4042 ιο.
918 3987 994 4040 sect.
1005 3973 1049 4039 11.
1064 3973 1084 4059 ς
1099 3993 1151 4038 12.
1163 3987 1240 4062 pag.
1259 3971 1464 4038 1128-1151.
1479 3971 1532 4039 Jo.
1544 3971 1627 4039 Ata.
1638 3969 1802 4038 Faumcn
1812 3965 1972 4066 Biblialn

613 4079 674 4146 Gr.
688 4081 763 4146 Lib.
778 4083 821 4148 11.
835 4101 909 4174 erp.
925 4075 976 4145 15.
990 4101 1065 4168 pag.
1081 4075 1158 4146 831.
1172 4101 1221 4164 sq.
1236 4077 1287 4144 ed
1303 4075 1428 4144 Heriem

656 4232 703 4323 (a)
727 4233 866 4304 Caeam
877 4237 927 4306 De
940 4231 1010 4306 Off.
1024 4227 1099 4298 Lib.
1110 4231 1139 4296 1.
1153 4253 1225 4320 cap.
1239 4229 1292 4298 30.
1306 4229 1422 4317 «Quin
1433 4231 1531 4296 etiam
1540 4276 1551 4314 ,
1561 4223 1589 4294 si
1602 4225 1677 4316 quis
1686 4239 1732 4294 est
1741 4223 1856 4316 paullo
1866 4227 1907 4294 ad
1920 4249 1974 4294 vo·

611 4343 751 4429 luptates
759 4346 975 4432 propensior,
986 4338 1091 4410 medo
1101 4357 1145 4402 ne
1155 4331 1198 4403 ait
1207 4359 1249 4403 ex
1259 4336 1426 4426 pecudum
1438 4357 1557 4422 genere
1565 4333 1656 4421 (sunt
1666 4332 1758 4398 enim
1770 4332 1907 4419 quidam
1913 4331 1972 4397 ho-

613 4448 719 4514 mines
732 4471 804 4519 nou
816 4471 865 4534 re,
875 4453 930 4518 sed
942 4441 1098 4537 nomine)
1108 4443 1165 4515 aed
1177 4442 1204 4507 si
1217 4440 1291 4527 quis
1304 4453 1349 4507 est
1361 4439 1463 4530 paulo
1476 4440 1628 4526 meatim,
1642 4437 1795 4528 quamvis
1807 4437 1971 4528 voluptate
