4517 5867
594 656 640 731 32
912 640 1138 723 A'NDREAE
1160 647 1341 721 COHEN
1365 650 1659 721 KHONRAAD

1033 951 1207 1043 rsus
1250 951 1538 1043 usurus.
1695 1073 1699 1080 ἢ

671 1220 753 1311 QUI
778 1220 893 1294 sum
916 1218 1078 1293 EORUM
1108 1220 1159 1297 lii
1181 1220 1356 1292 CORPUS
1383 1216 1626 1292 summm
1648 1211 1900 1288 nummus?

649 1486 762 1569 Sicut
791 1488 974 1595 eorporis
1002 1486 1184 1570 conditio
1210 1488 1255 1567 in
1284 1487 1461 1566 enimam
1492 1484 1664 1595 ejusque
1694 1482 1868 1567 adfectos
1892 1484 1971 1562 mi·

598 1604 707 1690 rifice
737 1606 892 1711 influit,
922 1604 1070 1688 eodem
1100 1607 1226 1689 modo
1264 1606 1324 1687 iili
1352 1610 1397 1687 in
1430 1608 1567 1689 omnia
1599 1636 1747 1715 organa
1773 1624 1815 1687 et
1844 1621 1972 1713 syste-

595 1744 702 1811 mata
721 1716 856 1837 egunt.
872 1730 956 1833 Qui
970 1728 1094 1811 semel
1108 1729 1160 1812 ab
1180 1730 1304 1811 animi
1316 1730 1540 1841 pathemate
1553 1730 1647 1812 sorti
1664 1730 1856 1835 abreptus
1873 1726 1972 1829 suit,

595 1848 717 1960 hujus
746 1850 911 1935 effectus
935 1854 980 1933 in
999 1878 1148 1962 corpus
1167 1882 1253 1933 non
1275 1852 1453 1957 negabit.
1476 1850 1652 1953 Quando
1675 1846 1785 1926 leves
1810 1866 1906 1927 sunt
1928 1864 1971 1929 et

594 1973 792 2055 moderati
811 1974 976 2053 effectus
988 1974 1130 2075 enimi,
1148 1972 1394 2053 mutationes
1407 1973 1535 2053 varies
1551 1968 1729 2051 subeunt
1744 1967 1973 2050 fimetiones

594 2120 694 2202 quus
714 2090 1002 2197 indicabimus,
1026 2118 1173 2173 verum
1196 2122 1283 2176 non
1309 2094 1502 2176 alteratur
1526 2095 1691 2189 sanitae
1714 2090 1816 2175 dum
1837 2110 1971 2174 eutem

593 2213 783 2318 ardenter
817 2214 1019 2319 seviunt,
1035 2213 1250 2298 duratione
1275 2217 1472 2329 pertinaci
1499 2217 1729 2300 inolescunt
1756 2210 1822 2297 rel
1848 2212 1974 2297 celer·

593 2336 697 2417 rime
714 2368 717 2373 ·
736 2336 979 2435 decurrunt;
1006 2352 1096 2419 tum
1125 2338 1315 2421 aberrant
1339 2370 1363 2421 a
1390 2340 1565 2421 normali
1574 2389 1581 2398 -·
1591 2357 1698 2420 statu
1722 2338 1992 2437 functiones,

594 2476 636 2539 et
657 2458 761 2541 mele
783 2456 1033 2541 inducuntur
1052 2462 1266 2545 innumere
1284 2462 1502 2574 aliquando
1530 2462 1813 2569 irreparabilia
1832 2477 1876 2540 et
1895 2460 1977 2541 exi·

592 2582 705 2661 tiose.
731 2585 807 2661 Per
832 2582 911 2661 hoc
937 2608 1035 2663 sane
1063 2584 1211 2663 utrium
1242 2583 1369 2665 multa
1395 2598 1606 2679 transeunt
1631 2580 1749 2659 melu
1762 2582 1873 2665 ‹Non
1899 2606 1969 2660 so·

592 2700 679 2783 lum
698 2718 905 2791 mensam,
919 2702 996 2773 emi
1012 2702 1316 2801 &eorpus
1331 2704 1479 2775 indere
1503 2712 1676 2803 possunt
1693 2687 1819 2775 enimi
1846 2694 1968 2777 affec·

590 2839 678 2917 tus;
692 2844 780 2899 non
795 2814 928 2897 solum
945 2812 1085 2893 vitales
1101 2814 1287 2897 laesiones
1304 2813 1449 2921 dictas,
1465 2815 1618 2921 febres,
1633 2814 1970 2902 inflammationes

593 2939 923 3045 haemorrhagian,
940 2933 1132 3019 nevroses
1147 2939 1416 3046 progignunt,
1425 2938 1498 3019 sed
1512 2937 1553 3019 et'
1562 2942 1784 3046 organicos,
1794 2941 1968 3024 seirrhos

595 3080 637 3142 et
663 3086 860 3141 cenceros.
887 3058 1077 3140 Aliorum
1103 3060 1270 3171 insuper
1295 3059 1536 3142 morborum
1560 3088 1699 3144 musas
1718 3065 1969 3143 constituunt

594 3170 1970 3293 solemniorestslessuntz'hypochondnmmmehncbobnhysteria,

596 3323 638 3388 et
660 3301 792 3384 febres
812 3301 978 3385 hectieae
1001 3305 1207 3395 morules„
2021 3326 2024 3329 ’

648 3534 908 3642 Mutationes,
934 3561 1025 3644 quse
1044 3535 1239 3617 eveniunt
1270 3538 1315 3617 in
1342 3562 1534 3648 corpore,
1561 3536 1827 3649 presentibus
1848 3534 1968 3615 affec·

596 3652 705 3737 tibus
742 3659 890 3761 animi,
924 3658 980 3739 ob
1010 3649 1295 3772 sympathiam⁸
1315 3661 1423 3742 inter
1457 3688 1599 3743 omnes
1634 3678 1787 3771 portes,
1821 3659 1966 3738 eodem

597 3797 805 3861 momento
833 3779 966 3861 fiunt:
990 3785 1046 3861 sic
1068 3783 1169 3865 dum
1187 3784 1280 3895 quis
1304 3784 1363 3864 ira
1385 3801 1688 3885 commovetur,
1707 3810 1775 3861 cor
1796 3776 1967 3859 oeierius
2118 3858 2122 3866 .

597 3902 823 4011 fortiusque
848 3900 963 4004 ferit,
991 3901 1101 3982 color
1123 3924 1313 4013 nugetur,
1340 3906 1613 3987 musculorum
1635 3905 1697 3984 ris
1718 3900 1966 4004 intenditur,

597 4022 715 4107 facies
732 4038 913 4103 mutatur
934 4020 1076 4129 simui,
1097 4042 1194 4125 etc.;
1211 4028 1283 4109 sed
1305 4045 1353 4106 ut
1370 4044 1482 4111 „certo
1504 4026 1775 4132 procedemus
1801 4023 1968 4127 ordine,

598 4144 763 4225 effectus
796 4172 941 4225 eorum
975 4147 1020 4225 in
1049 4147 1225 4255 singulas
1265 4146 1495 4227 functiones
1532 4162 1574 4225 et
1613 4170 1763 4253 organa
1801 4147 1969 4225 seorsim

599 4265 800 4373 explorari
824 4294 928 4377 opus
955 4283 1037 4370 est,
1060 4296 1134 4349 nec
1161 4297 1248 4351 non
1278 4267 1422 4351 turbes
1435 4327 1448 4373 ,
1463 4296 1567 4380 quas
1592 4269 1637 4347 in
1663 4267 1744 4348 illis
1767 4268 1968 4349 suscitant.

650 4474 788 4559 Animi
805 4475 1021 4559 affectuum
1037 4477 1194 4585 primus
1210 4496 1272 4563 est
1288 4476 1455 4563 effectus
1475 4478 1783 4588 impressionem
1806 4474 1967 4586 prosum·
