4517 5867
630 638 697 687 roo
1012 616 1170 690 FRANG
1195 614 1284 685 JAC.
1309 610 1598 685 SCHOLLAERT

969 858 975 873 “
1108 910 1298 993 sueno
1323 911 1508 992 saxrs.

1021 1140 1085 1219 De
1104 1138 1327 1219 actionibus
1340 1133 1597 1244 possessoriis.

679 1452 796 1531 Actio
815 1453 1058 1558 possessoris
1079 1450 1239 1528 definiri
1258 1465 1392 1555 potest
1409 1448 1536 1547 actio,
1556 1471 1633 1553 per
1652 1468 1777 1553 quam
1802 1446 1996 1553 petimus,

628 1588 675 1651 ut
693 1587 954 1651 conservetur
973 1571 1093 1650 nobis
1114 1571 1314 1677 possessio
1334 1568 1451 1646 fundi
1470 1566 1535 1648 vel
1550 1565 1652 1673 juris
1678 1566 1810 1668 realis,
1829 1570 1993 1675 quando

628 1693 673 1769 in
686 1694 732 1771 ei
743 1692 971 1789 turbamur,
983 1706 1051 1770 aut
1061 1706 1107 1769 ut
1121 1717 1210 1771 eam
1226 1714 1531 1798 recuperemus,
1542 1687 1706 1797 quaudo
1715 1689 1764 1768 ed
1772 1687 1995 1795 dejicimur.

682 1916 801 2031 Sunt,
820 1919 892 2026 qui
911 1916 1005 1995 huic
1026 1916 1253 1997 definitioni
1272 1913 1563 2024 adjiciunthaee
1580 1914 1726 1995 verba:
1743 1931 1813 1994 aut
1823 1931 1870 1994 ut
1890 1942 1993 1995 con-

629 2035 791 2115 cedetur
812 2038 931 2117 nobis
949 2038 1155 2117 fiduciaria
1173 2040 1372 2145 possessio
1394 2042 1468 2146 (ou
1489 2036 1598 2117 enfin
1620 2064 1726 2145 pour
1745 2065 1798 2116 en
1810 2037 1920 2116 avoir
1951 2036 1993 2114 la

627 2161 853 2263 possession
865 2158 1248 2264 perprovision).At
1260 2156 1998 2266 infundate,utopinamur,eoquod,

626 2291 674 2354 ut
692 2304 813 2385 supra
831 2278 1111 2386 probavimus,
1122 2276 1249 2385 judex
1268 2305 1491 2389 numquam
1509 2276 1757 2357 fiduciariam
1776 2277 1997 2384 possessio·

627 2422 720 2475 nem
741 2401 868 2507 possit
888 2397 1118 2481 concedere.

674 2627 792 2702 Actio
810 2628 945 2732 itaque
969 2626 1211 2731 possessoris
1237 2622 1367 2701 tendit
1392 2622 1456 2701 vel
1482 2623 1532 2702 ad
1552 2620 1807 2700 retinendam
1829 2646 1989 2729 posses-

620 2744 795 2844 sionem,
806 2746 839 2822 si
848 2746 892 2822 in
903 2744 1189 2836 edturbemur,
1199 2744 1264 2828 vel
1277 2743 1329 2827 ad
1344 2742 1661 2850 recuperandam
1672 2744 1991 2849 possessionem,

619 2863 656 2939 si
675 2890 725 2938 ex
743 2864 789 2935 ea
812 2854 1054 2961 dejiciamur.
1078 2853 1186 2929 Hinc
1206 2852 1333 2932 dividi
1362 2860 1494 2939 solent
1522 2864 1567 2940 in
1587 2865 1932 2943 manutenendam
1950 2882 1995 2943 et

622 2977 1005 3083 redintegrationem
1036 2974 1099 3081 (ia
1120 2972 1361 3079 complainte
1385 2995 1426 3051 et
1454 2979 1492 3051 ia
1520 2981 1842 3083 reintegrando),
1865 3004 1992 3085 quam

622 3098 883 3193 divisionem,
896 3098 989 3178 licet
1006 3094 1106 3178 Cod.
1129 3098 1242 3175 Proc.
1263 3111 1334 3173 art
1349 3092 1400 3175 23
1424 3122 1509 3173 non
1529 3094 1748 3202 distinguat
1770 3100 1877 3177 inter
1905 3128 1992 3177 ma·

619 3223 895 3300 nutenentiam
923 3238 964 3299 et
987 3218 1392 3325 redintegrationem,
1413 3233 1457 3296 et
1480 3215 1602 3297 hodie
1633 3216 1859 3299 faciendam
1884 3218 1991 3298 arbi-

618 3363 791 3441 tramur,
807 3344 854 3422 ed
871 3342 1022 3423 scilicet
1037 3342 1213 3437 ratione,
1230 3335 1344 3447 quod
1362 3336 1589 3418 differentia
1607 3338 1770 3419 illarum
1784 3342 1989 3420 actionum

618 3467 840 3547 necessario
853 3466 1005 3543 oriatur
1015 3490 1065 3543 ex
1074 3462 1231 3544 diversi
1241 3460 1710 3571 perturbationis,quam
1719 3462 1831 3543 subit
1840 3490 1985 3571 posses-

619 3589 699 3683 sio,
711 3586 862 3664 nature.
877 3588 969 3686 Qui
981 3587 1083 3667 dere
1093 3585 1363 3665 elocutionem
1373 3587 1551 3664 actiones
1555 3588 1803 3692 possessoriis
1815 3584 1982 3663 dicimus

619 3733 703 3787 esse
734 3732 881 3811 genus,
911 3707 1025 3814 cujus
1058 3709 1360 3787 manutenentia
1385 3724 1427 3784 et
1457 3706 1745 3810 redintegratio
1769 3705 1858 3783 duee
1884 3716 1979 3779 suut

614 3829 789 3937 species,
803 3853 977 3936 quarum
996 3843 1168 3936 utraque
1189 3829 1267 3907 hoc
1285 3844 1374 3907 tum
1392 3854 1442 3907 ex
1456 3830 1551 3906 Jure
1570 3826 1688 3907 Civili
1707 3842 1791 3901 tum
1812 3848 1862 3901 ex
1881 3823 1978 3901 Jure

617 3951 821 4031 Canonico
841 3949 1032 4030 fundatur
1053 3950 1277 4059 principio:
1298 3950 1489 4057 spoliatus
1508 3965 1599 4027 ante
1612 3946 1748 4024 omnia
1763 3945 1976 4023 restituen-

614 4068 691 4151 dus
714 4086 793 4167 est,
819 4074 991 4174 etiamsi,
1011 4073 1082 4180 qui
1105 4070 1297 4179 spoliatus
1316 4090 1392 4175 est,
1415 4071 1574 4152 nulium
1590 4069 1655 4176 jus
1672 4070 1717 4145 in
1740 4094 1784 4145 re
1810 4064 1977 4166 habeat,

614 4194 710 4301 quia
732 4218 853 4271 nemo
878 4193 954 4272 sibi
970 4192 1036 4299 jus
1058 4191 1191 4271 dicere
1211 4208 1344 4300 potest
1360 4210 1403 4272 et
1422 4193 1545 4295 alium
1567 4189 1618 4269 de
1639 4189 1712 4268 sus
1729 4188 1978 4295 possessione

613 4307 799 4423 dejicere,
818 4314 913 4396 alias
929 4328 1061 4424 partes
1081 4311 1134 4393 ad
1150 4340 1260 4393 arma
1278 4313 1463 4423 quotidie
1482 4312 1734 4421 prosilirent,
1749 4310 1887 4421 sieque
1900 4334 1978 4419 pax
