4517 5867
712 534 778 603 ns
1094 534 1255 607 suano.
1280 532 1368 602 uc.
1393 527 1686 631 scuouutmr

707 733 832 836 Quod
846 748 978 815 exart
992 731 1044 813 26
1062 730 1162 812 Cod.
1175 734 1285 810 Proo.
1309 731 1476 807 omnino
1485 723 1720 831 negandum
1735 736 1813 821 est,
1826 723 1899 803 ubi
1913 726 2063 815 dicitur:

708 856 744 935 le
761 852 1264 959 demandeuraupdtitoire
1277 876 1326 924 ne
1339 847 1529 954 templus
1546 845 1744 923 resemble
1761 845 1790 922 ὰ
1807 850 1901 953 agir
1912 877 1969 931 au
1980 884 2065 961 pos.

706 981 872 1059 sessoire.
886 978 940 1053 Et
954 996 1095 1052 revera
1109 986 1208 1051 noto
1221 994 1450 1077 possessore
1471 992 1556 1045 non
1569 961 1664 1044 ideo
1678 966 1860 1045 noscitur
1873 968 2064 1079 dominus3

707 1115 748 1176 at
767 1114 868 1176 noto
888 1094 1058 1177 domino
1078 1094 1261 1175 noscitur
1278 1116 1444 1201 quoque
1464 1112 1691 1195 possessor,
1715 1090 1910 1197 qnoniam
1930 1122 2066 1201 possea

689 1220 765 1297 sio
793 1218 1028 1299 naturaliter
1055 1216 1268 1324 conjuncta
1295 1230 1356 1297 est
1381 1238 1475 1291 oum
1504 1212 1772 1319 proprietate,
1797 1240 1893 1323 quae.
1916 1217 2000 1299 sine
2025 1227 2065 1303 ei

707 1340 862 1421 inutilis
884 1359 952 1423 est.

760 1588 926 1665 Certum
945 1588 1081 1695 itaque
1095 1602 1176 1687 est,
1190 1582 1344 1691 judicio
1362 1580 1554 1685 petitorio
1573 1578 1655 1657 lato
1673 1604 1760 1659 non
1776 1606 1894 1687 posse
1910 1584 1965 1663 ad
1978 1612 2067 1691 pos-

706 1710 922 1787 sessorium
950 1709 1125 1804 recurri3
1159 1703 1230 1785 sed
1267 1732 1318 1785 an
1345 1702 1487 1783 saltem
1522 1728 1609 1781 non
1636 1728 1848 1809 possumus
1874 1706 2068 1787 actionem

705 1831 992 1937 possessorium
1005 1854 1191 1909 exercere
1205 1823 1409 1934 pendente
1423 1824 1556 1905 adhuc
1569 1822 1722 1933 judicio
1739 1826 1958 1933 petitorio?
1974 1830 2070 1909 Res·

704 1938 1938 2063 pondemus‚quodnequidemhociucasu‘possitpossessorio
1948 1952 2069 2031 modo

704 2074 793 2175 agi,
810 2075 906 2181 quia
925 2071 1074 2152 dieitur
1091 2069 1243 2148 indict
1259 2085 1331 2152 art.
1352 2068 1425 2149 26:
1440 2068 1477 2147 le
1495 2066 1742 2149 demadem
1752 2098 1811 2149 au
1822 2074 2009 2177 petitot're
2024 2102 2070 2151 ne

704 2220 794 2272 sem
806 2194 902 2300 plats
915 2192 1114 2272 reserabis
1137 2190 1165 2269 ὰ
1184 2194 1277 2297 agir
1293 2218 1354 2269 au
1367 2192 1608 2297 possestoire.
1627 2194 1680 2271 Et*
1695 2214 1833 2273 revera
1854 2193 1910 2291 is,
1934 2196 2006 2303 qui
2030 2223 2069 2275 se

704 2313 1017 2397 condemnatum
1042 2314 1185 2415 habet,
1209 2330 1279 2393 aut
1303 2312 1376 2421 qui
1398 2311 1538 2403 saltem
1568 2311 1781 2393 commoda
1808 2317 2070 2421 possessionis

703 2438 918 2548 relinquit,
937 2455 984 2518 ut
1002 2438 1109 2518 illico
1130 2438 1256 2545 possit
1274 2460 1392 2541 agere
1411 2435 1605 2543 petitorio,
1615 2434 1761 2535 modo,
1774 2462 1897 2544 quam
1915 2436 2070 2519 eviden·

702 2561 854 2639 tissime
875 2560 1053 2641 ostendit
1069 2588 1144 2668 per
1162 2560 1274 2639 illam
1293 2556 1438 2663 agendi
1459 2560 1658 2641 rationem
1678 2558 1885 2669 qualitates
1912 2558 2068 2665 litigan·
2138 2638 2139 2699 ,

696 2682 832 2779 tium,
855 2684 1007 2792 quippe
1032 2682 1110 2763 sibi
1139 2684 1217 2792 ipsi
1242 2680 1584 2789 incommodiores
1614 2680 1748 2787 eligit3
1775 2682 1943 2762 assumit
1965 2685 2071 2765 enim
2138 2736 2139 2821 ,

703 2829 790 2903 eas,
817 2827 908 2909 qum
931 2805 1207 2879 necessitatem
1228 2798 1429 2908 probandi
1448 2829 1584 2882 secum
1609 2803 1796 2907 trahunt,
1819 2822 2070 2914 quapropter

700 2950 785 3003 non
811 2921 1017 3001 immerito
1044 2922 1188 3031 nequit
1212 2924 1655 3031 ampliusqualitatem,
1677 2934 1799 3033 quam
1822 2928 1902 3009 sibi
1933 2929 2066 3027 elegit,

699 3061 873 3143 mutare,
891 3061 932 3122 et
943 3042 1212 3124 decidendum
1227 3046 1454 3154 relinquere
1466 3042 1601 3153 ,quod
1611 3045 1778 3151 proprio
1794 3070 1868 3126 suo
1885 3043 1990 3125 facto
2007 3045 2068 3125 de

699 3162 809 3243 cidit
834 3166 877 3243 Si
893 3182 1026 3246 tamen
1042 3170 1199 3247 actione
1215 3168 1405 3275 petitorii
1416 3168 1572 3246 intensi
1587 3194 1679 3246 reus
1698 3168 1887 3275 petitioni
1908 3176 2000 3248 non'
2014 3197 2069 3247 ao·

699 3286 928 3395 quievisset,
937 3303 1007 3366 aut
1018 3291 1052 3368 si
1068 3317 1153 3368 non
1169 3291 1450 3370 intervenisset
1459 3288 1658 3397 judicium
1673 3288 2069 3387 condemnatoriam,

697 3434 792 3485 cum
801 3425 1028 3489 contractus
1034 3410 1235 3517 judicialis
1254 3438 1339 3490 non
1357 3411 1462 3492 foret
1476 3411 1695 3518 perfectus,
1706 3430 1821 3519 putat
1830 3416 1982 3493 Pisum
1998 3414 2073 3519 (1),

697 3546 875 3608 actorem
892 3559 914 3611 a
933 3534 1124 3639 petitorio
1142 3560 1259 3643 posse
1280 3534 1471 3615 desistere
1491 3534 1599 3615 etad
1619 3534 1908 3646 possessorium
1925 3562 2072 3613 recur-

697 3678 803 3750 rere,
823 3680 904 3757 arg.
926 3672 999 3733 art.
1026 3684 1120 3737 1211
1148 3657 1247 3738 Cod.
1270 3658 1375 3758 Ciu,
1396 3656 1456 3737 uti
1478 3682 1527 3735 ex
1548 3657 1591 3735 L.
1610 3682 1657 3737 12
1678 3660 1702 3754 ς
1727 3684 1742 3735 t
1767 3654 1873 3736 nde
1891 3680 1979 3759 aeq.
2003 3653 2071 3731 rel

693 3774 819 3853 amitt
843 3801 945 3883 poss.
971 3778 1015 3855 in
1037 3781 1150 3857 omni
1175 3798 1268 3859 casu
1296 3777 1510 3859 obtinebat
1534 3776 1588 3857 de
1615 3779 1709 3861 Jure
1733 3778 1937 3869 Roman03
1964 3802 2073 3853 nam

694 3911 792 3975 tuno
805 3901 999 4005 temporis
1012 3900 1147 4009 potius
1164 3928 1214 3981 ex
1227 3902 1454 4007 ignorantiis
1468 3918 1507 3979 et
1518 3900 1624 4009 J'usto
1638 3924 1770 3979 errore
1785 3922 1910 4005 quam
1922 3896 2069 3975 animo

694 4022 952 4103 renuntiandi
964 4026 1206 4131 possessioni
1225 4023 1269 4105 id
1282 4022 1432 4107 fuctum
1450 4050 1534 4107 esse
1551 4018 1875 4129 praesumebatur.
1893 4018 1956 4097 At
1979 4044 2070 4097 oon·

734 4300 783 4385 (t)
805 4301 992 4371 Pmetdne
1011 4306 1129 4387 Civile,
1146 4308 1239 4376 Tom.
1249 4310 1299 4389 ¹11,
1321 4330 1391 4398 pag.
1413 4306 1506 4394 1176.
1603 4315 1608 4325 ’
1659 4320 1661 4327 ’
