4517 5867
764 676 1110 769 Qnssuouns.
1573 698 1622 769 29

282 842 289 855 ⁹
307 862 419 967 prios
437 856 559 969 hujus
580 861 806 965 argumenti
824 860 953 939 libros
974 862 1019 935 in
1036 858 1170 933 lucem
1196 849 1431 950 ediderunt,
1449 856 1514 933 ael
1533 855 1624 935 dats

305 962 1266 1092 oppormnieaceinehmremdelapsisententiam
1275 978 1623 1079 dixerunthum

185 1105 189 1113 “
303 1101 481 1213 denique
507 1090 599 1207 jam¹
619 1095 807 1207 putidum
835 1099 888 1178 sit
912 1098 1137 1210 disceptare
1162 1102 1214 1182 de
1239 1101 1394 1212 optimo
1413 1101 1624 1207 regiminis

304 1220 453 1321 forma,
484 1218 699 1327 diligenter
729 1221 959 1331 inquiratur
984 1223 1028 1301 in
1054 1222 1119 1321 id,
1141 1224 1256 1333 quod
1283 1249 1356 1303 seu
1369 1226 1624 1321 fructuosum

304 1360 379 1427 seu
397 1346 585 1423 vitrorum
604 1344 649 1423 in
677 1342 867 1425 omnibus
887 1360 929 1423 et
948 1344 1118 1455 singulis
1140 1345 1396 1425 inveniatur:
1417 1372 1623 1454 quaprup.

303 1482 366 1548 ter
380 1465 622 1575 depingatur
631 1468 840 1553 cz'vitatum
859 1484 1013 1552 notura
1023 1526 1036 1562 ,
1056 1466 1207 1582 quibua
1221 1467 1286 1548 vel
1299 1466 1382 1547 hac
1392 1465 1458 1548 vel
1470 1466 1546 1545 alia
1561 1469 1623 1546 vi-

306 1586 448 1669 deatur
468 1585 715 1697 respondere
739 1616 891 1700 :quem
918 1590 963 1667 in
986 1586 1108 1668 finem
1128 1587 1358 1697 proseratur
1380 1590 1425 1667 in
1443 1587 1625 1669 medium

304 1709 418 1789 Libri
439 1712 495 1795 HI
518 1710 649 1818 Caput
666 1710 719 1799 80
736 1712 1010 1795 Historiarum
1025 1710 1370 1812 Hemdoteorum,
1394 1726 1516 1819 atque
1527 1736 1626 1815 aga·

307 1848 374 1911 tur
391 1832 592 1939 judicium
610 1832 661 1913 de
682 1860 732 1914 eo
751 1834 865 1944 qnod
882 1862 1044 1926 uorum,
1068 1832 1181 1942 qnod
1199 1831 1405 1941 sophisma
1424 1833 1478 1911 sit
1491 1831 1539 1911 ‘in
1555 1830 1624 1909 illa

306 1981 523 2063 procerum
552 1960 762 2037 Persarum
799 1955 1083 2066 disputatione.
1122 1955 1216 2034 Haec
1246 1972 1381 2035 antem
1414 1954 1551 2032 omnia
1587 1968 1629 2031 et

307 2106 480 2185 quaque
508 2078 694 2183 genuinis
718 2096 760 2159 et
781 2078 996 2167 luculentis
1020 2076 1214 2187 exemplis
1235 2102 1280 2157 ac
1308 2076 1549 2156 testimoniis
1575 2100 1626 2153 ex
1687 2127 1692 2135 -

307 2198 498 2296 universo
510 2198 770 2281 historiarum
778 2200 878 2281 orbe
888 2195 1139 2319 depromptis
1150 2198 1479 2307 comprobentur.
1509 2236 1514 2246 ·

245 2402 294 2487 a.
315 2409 371 2489 Ut
382 2406 919 2517 colligantur,·disp0nantur
932 2422 975 2487 et
988 2406 1241 2491 illustrentur
1254 2408 1497 2511 Fragmenta
1510 2402 1628 2507 Chry-

309 2533 431 2637 siopi,
450 2530 681 2638 philosophi
702 2532 844 2632 Stoici,
862 2533 918 2609 ita
936 2545 982 2608 nt
998 2528 1287 2636 inexemplum
1304 2526 1383 2610 sihi
1395 2539 1628 2638 proponant

308 2649 492 2761 discipuli
500 2653 842 2759 praestantissimas
850 2650 937 2731 illas
947 2652 1319 2753 commentationes,
1327 2676 1420 2761 quas
1428 2650 1473 2728 in
1482 2645 1628 2727 eodem

308 2798 505 2879 generes
533 2773 774 2855 doctissimis
800 2777 865 2854 W
854 2776 1181 2881 yttenbachianoe
1207 2774 1430 2877 disciplinae
1454 2768 1629 2849 alumnis

311 2906 466 2970 essunt
479 2900 711 2995 eurise-,elprae
721 2954 733 2985 ,
745 2914 794 2965 ut
806 2894 970 2971 Malana·
977 2892 1025 2973 V.
1037 2878 1096 2973 ΕΙ.
1116 2891 1168 2968 de
1181 2892 1442 2982 Aristoxeno,
1456 2890 1628 2969 Balt'iV.

312 3010 370 3092 Cl.
392 3008 444 3087 de
465 3006 703 3099 Posidonio,
728 3008 1007 3085 Nuawundu
1026 3009 1078 3083 de
1097 3011 1284 3085 Musonio
1305 3021 1348 3083 et
1364 3005 1561 3111 Lyudcnia'
1578 3010 1633 3089 de

312 3132 512 3212 Panaetio.
542 3146 550 3159 '

249 3322 253 3333 ’
325 3386 330 3398 -
464 3354 532 3432 111.
560 3354 628 3432 aa
654 3352 858 3477 onnmn
877 3287 1424 3435 mascousnnroaun.

257 3564 318 3645 Ex
341 3560 442 3671 juris
462 3559 616 3668 publici
645 3562 855 3668 principiis
882 3558 1183 3638 demonstretur
1209 3557 1340 3666 legem
1366 3586 1453 3639 non
1470 3541 1629 3668 uerbis,

313 3684 386 3765 sed
406 3682 637 3780 voluntate,
659 3680 772 3790 cujus
786 3682 909 3761 verba
927 3684 1042 3788 signa
1058 3698 1170 3783 sunt,
1184 3698 1376 3766 constare.
1387 3681 1494 3768 Dein
1511 3686 1633 3775 aariae

315 3821 597 3915 proponantur
624 3803 773 3910 regulae
804 3831 910 3913 qnae,
937 3802 1075 3889 verbis
1099 3801 1260 3917 dubiis,
1288 3807 1334 3883 in
1356 3800 1633 3912 investiganda
1659 3885 1664 3897 ,

314 3928 521 4009 voluntate
541 3924 726 4007 adhiberi
746 3927 922 4035 possint3
945 3924 1192 4033 singulaeque
1212 3925 1407 4034 exemplis
1426 3927 1635 4009 illustren-

315 4066 392 4129 tur.
412 4054 521 4130 Tum
536 4047 727 4130 doceatur
740 4047 948 4158 quomodo
965 4044 1153 4127 voluntas
1167 4047 1416 4143 inveniatur,
1432 4066 1634 4158 quatenus

316 4172 441 4251 verba
459 4173 602 4254 desint.
624 4176 763 4253 Postea
783 4170 1057 4281 perpendatur
1073 4198 1126 4251 an
1145 4172 1267 4251 etiam
1284 4188 1382 4251 tunc
1399 4200 1494 4253 cum
1507 4174 1633 4253 verba

319 4292 549 4393 clarasnnt,
568 4295 817 4375 voluntatem
837 4293 1001 4376 aliunde
1015 4321 1193 4405 quaerere
1213 4293 1339 4373 liceat
1357 4296 1545 4406 Denique
1563 4322 1633 4373 ex-

317 4431 495 4523 ponatur
514 4419 655 4527 quanti
668 4420 709 4497 in
722 4418 812 4526 jure
823 4419 932 4499 civili
945 4418 1146 4498 hodierno
1160 4417 1463 4526 interpretando
1475 4419 1636 4498 valeant

319 4556 360 4619 et
382 4537 682 4623 emendationes
704 4568 816 4665 quas·
832 4542 982 4627 codicis
1007 4543 1138 4650 prima
1157 4538 1414 4625 adumbratio
1438 4538 1634 4659 gradatim

437 4668 497 4736 ΙΙΙ.
1182 4704 1188 4711 ·
1419 4668 1441 4750 d
