4517 5867
565 574 611 657 [12
952 564 1107 636 ruine.
1132 563 1223 633 uc.
1247 561 1540 632 scuomruer

567 778 727 847 necesse
740 766 808 867 sit,
819 782 865 845 ut
885 766 938 867 is,
951 789 1024 871 per
1039 788 1164 871 quem
1180 763 1474 869 possessionem
1484 756 1653 865 adipisci
1671 759 1937 865 intendimus,

557 888 663 971 .velit
675 889 794 969 nobis
811 886 1019 997 acquirere
1033 911 1198 985 ,verum
1208 900 1360 982 autem,
1374 900 1422 963 ut
1438 880 1736 990 possessionem
1753 912 1825 993 per
1839 887 1936 968 alte-

559 1038 658 1093 ·rum
681 1013 946 1112 retineamus,
969 1034 1072 1117 opus
1090 1024 1274 1106 nonest,
1297 1021 1345 1085 ut
1354 1006 1498 1111 is,·per
1522 1029 1647 1114 quem
1664 1002 1937 1113 possidemus,

565 1133 740 1216 retineat
762 1136 943 1215 animum
965 1130 1085 1213 nobis
1104 1129 1369 1213 conservandi
1392 1127 1707 1237 possessiouem
1730 1157 1823 1209 nam
1849 1130 1943 1211 licet

567 1254 676 1335 hune
697 1258 877 1337 animum
905 1254 1054 1337 hebere
1080 1254 1252 1349 desinat,
1271 1280 1356 1333 non
1382 1253 1518 1331 miuus
1547 1255 1840 1360 possessionem
1867 1283 1943 1363 per

569 1404 663 1459 euru
685 1380 915 1458 retinemus.
933 1378 1038 1457 Hinc
1062 1377 1212 1457 dicitur
1232 1378 1276 1455 in
1298 1378 1342 1455 t.
1364 1372 1477 1474 Μ
1502 1402 1516 1452 1
1538 1372 1579 1458 fl:
1597 1374 1633 1450 h.
1655 1394 1699 1476 t,
1724 1405 1803 1482 per
1828 1378 1941 1457 colo-

570 1526 645 1585 nos
665 1514 705 1577 et
723 1498 947 1605 inquilinos
967 1515 1036 1577 eut
1054 1525 1193 1577 servos
1206 1514 1367 1579 nostros
1383 1494 1655 1604 possidemus,
1671 1497 1755 1577 etsi
1766 1498 1939 1577 morian-

569 1638 636 1699 tur
655 1637 726 1699 aut
738 1617 871 1697 furere
890 1620 1102 1726 incipiant,
1119 1635 1191 1699 aut
1210 1617 1279 1697 alii
1296 1620 1449 1717 looeut,
1468 1618 1739 1725 intellegimur
1753 1646 1829 1700 uos
1843 1622 1940 1699 reti-

570 1766 667 1821 nere
690 1740 993 1847 possessiouem.
1017 1742 1130 1843 Quin
1154 1743 1293 1844 etium,
1312 1741 1404 1823 licet
1422 1741 1591 1823 colonus
1608 1730 1678 1821 eu't
1694 1741 1942 1852 inquilinus,

570 1864 642 1970 qui
665 1878 804 1943 nostro
828 1866 993 1945 nomine
1010 1864 1210 1971 possidet,
1230 1892 1316 1946 non
1335 1866 1454 1947 uobis
1473 1865 1648 1974 amplius
1671 1864 1741 1945 sed
1759 1864 1837 1945 sibi
1861 1866 1940 1971 ipsi

569 1983 689 2061 vellet
711 1984 937 2091 possidere,
962 1984 1934 2085 nihilominuspusseesionmnohjsponservare

571 2117 800 2183 censeretur
822 2126 870 2183 ex
901 2096 1063 2204 reguld,
1081 2098 1194 2205 juxta
1215 2127 1338 2211 quam
1365 2128 1487 2182 nemo
1515 2118 1649 2210 potest
1668 2101 1754 2181 sold
1772 2101 1842 2180 sud
1863 2129 1935 2182 vo·
2066 2196 2074 2207 ‚

569 2221 724 2301 luntate
742 2239 811 2301 aut
831 2220 917 2301 solo
947 2221 1063 2329 lapsu
1086 2225 1284 2330 temporis
1304 2223 1479 2333 sibiipsi
1500 2240 1658 2303 mutare
1677 2234 1838 2305 causam
1856 2251 1944 2333 pos·

570 2346 759 2423 sessionis
779 2344 846 2449 (1).
860 2344 971 2424 Nihil
991 2349 1112 2427 etiem
1129 2346 1267 2441 refert,
1289 2365 1427 2424 utrum
1448 2350 1503 2443 is,
1527 2374 1602 2451 per
1620 2376 1746 2454 quem
1764 2345 1945 2453 posside·

569 2490 773 2568 mus,rem
786 2491 861 2573 per
878 2491 920 2545 se
938 2468 1070 2573 ipsum
1087 2495 1139 2545 an
1157 2494 1255 2544 vero
1274 2492 1348 2571 per
1361 2466 1486 2543 alium
1506 2464 1699 2565 detineat,
1719 2467 1812 2544 licet
1829 2496 1938 2573 quo-

572 2614 652 2701 que
662 2588 740 2684 ille,
751 2614 824 2695 per
834 2615 955 2695 quem
964 2586 1129 2683 detinet,
1144 2586 1289 2663 habeat
1297 2613 1391 2663 eum
1406 2584 1497 2664 loco
1509 2583 1684 2681 domini,
1704 2602 1745 2661 et
1762 2585 1942 2689 proinde

571 2706 645 2813 ipsi
666 2732 747 2783 non
768 2705 886 2796 nobis
903 2733 946 2793 se
965 2704 1102 2793 credet
1119 2733 1204 2787 esse
1223 2707 1269 2779 in
1286 2707 1559 2806 possessione3
1577 2728 1674 2779 nam
1694 2704 1942 2807 possidendo

572 2822 735 2903 nomine
751 2818 875 2921 illius,
889 2822 959 2927 qui
974 2846 1062 2937 rem
1074 2846 1160 2897 non
1172 2819 1370 2925 possidet,
1387 2848 1482 2897 cum
1500 2848 1588 2897 non
1606 2823 1735 2927 possit
1752 2821 1828 2900 sibi
1851 2852 1945 2901 mu-

572 2962 658 3023 tare
686 2968 844 3023 causam
873 2942 1156 3045 possessionis,
1183 2939 1304 3019 uobis
1332 2940 1472 3022 saltem
1499 2940 1698 3023 indirecte
1721 2947 1942 3050 possessio-

572 3092 668 3145 uem
690 3078 919 3161 conservet,
945 3065 1128 3173 quamvis
1150 3062 1195 3142 id
1224 3066 1383 3169 ignoret
1400 3067 1443 3142 L
1473 3064 1549 3164 30,
1567 3064 1637 3165 §6
1662 3064 1703 3141 ff.
1724 3065 1764 3141 h.
1784 3081 1812 3142 t
1841 3066 1944 3144 item

571 3189 616 3265 L.
626 3184 726 3283 set
744 3186 956 3284 1=eod.,ubi
967 3184 1115 3265 dicitur
1130 3213 1140 3263 ε
1153 3186 1187 3263 si
1201 3184 1426 3264 conductor
1445 3212 1534 3265 rem
1544 3184 1730 3265 vendidit
1745 3203 1789 3265 et
1798 3187 1946 3267 eemab

574 3324 757 3416 emptore
777 3308 970 3390 conduxit
984 3325 1024 3387 et
1043 3310 1207 3418 utrique
1226 3306 1457 3391 mercedem
1474 3310 1677 3417 prmstitit,
1702 3310 1817 3418 prior
1840 3309 1946 3389 loea-

562 3448 640 3519 ,tor
653 3435 943 3541 possessiouem
952 3434 1170 3513 rectissime
1183 3435 1342 3511 retinet.
1354 3432 1461 3513 Hinc
1478 3431 1631 3513 reflecti
1648 3448 1800 3541 potest,
1814 3430 1946 3541 quod,

575 3554 668 3637 licet
699 3573 859 3662 emptor
885 3556 962 3635 hoc
991 3557 1035 3635 in
1068 3582 1163 3635 casu
1189 3552 1417 3638 mercedem
1446 3555 1556 3635 illius
1579 3554 1696 3635 fundi
1726 3554 1943 3662 percipiat,
2027 3550 2032 3557 ’

576 3698 660 3757 nou
682 3690 815 3757 tamen
839 3677 949 3757 illius
973 3701 1180 3785 possessor
1197 3677 1323 3758 fectus
1339 3680 1409 3774 sit3
1432 3680 1647 3767 nonenim
1673 3676 1765 3757 duo·
1774 3688 1942 3783 possunt

576 3798 759 3879 eamdem
790 3827 877 3881 rem
898 3799 941 3879 in
971 3798 1148 3880 solidum
1175 3801 1382 3908 possidere
1405 3803 1447 3881 h
1478 3801 1526 3902 3,
1555 3801 1647 3902 §5,
1668 3798 1706 3877 ff.
1732 3796 1771 3873 h.
1801 3811 1845 3889 t,
1865 3818 1944 3870 nee

578 3920 766 4024 colonus,
786 3924 857 4032 qui
877 3924 1006 4031 priori
1029 3922 1197 4005 locuturi
1218 3924 1423 4027 possidere
1452 3940 1660 4019 censetur,
1691 3941 1778 3997 non
1809 3928 1946 4019 potest

580 4040 741 4128 alterius
769 4047 935 4129 nomine
964 4046 1006 4125 in
1032 4044 1284 4152 possessione
1306 4072 1401 4121 esse.
1547 4062 1578 4070 ··

631 4228 831 4351 Diximus,
850 4254 961 4360 quod
986 4256 1020 4335 si
1050 4254 1234 4351 colonus,
1263 4252 1335 4361 qui
1366 4250 1486 4333 nobis
1503 4244 1704 4357 possidet,
1726 4244 1944 4348 moriatur,

624 4437 672 4523 (ἱ)
684 4442 725 4509 V.
741 4444 893 4511 Porurun
911 4444 1002 4510 truite
1020 4444 1061 4511 ds
1074 4447 1105 4513 la
1119 4446 1241 4511 Posses.
1256 4466 1305 4508 nr.
1319 4445 1373 4511 60.
