4517 5867
507 567 752 652 RESPOESIO
775 571 840 644 tn
863 569 1173 661 Qunstlortmt
1195 575 1473 650 notantem.
1603 581 1652 666 43

339 765 446 850 oum
472 790 607 849 semen
630 763 674 849 in
696 761 880 854 mundis
903 762 1212 852 circumstantiis
1239 763 1474 866 collocatur,
1504 770 1654 854 sensim

285 889 457 974 humore
478 886 696 991 imbuitur,
714 903 755 970 et
782 886 918 968 atatim
940 903 1076 998 postea
1100 903 1249 970 certam
1267 889 1528 996 quantitatem
1541 896 1653 1001 ‘gasis

281 1013 484 1117 carboniei
512 1011 683 1114 evolvit,
697 1027 747 1100 ,ot
773 1011 934 1122 qiridem
958 1011 1058 1096 dum
1082 1010 1240 1095 nullum
1265 1011 1376 1093 adest
1403 1037 1474 1120 gas
1504 1039 1653 1123 oryge-

284 1138 409 1222 nium.
430 1137 474 1222 si
493 1153 627 1224 autem
643 1134 750 1226 abdt
775 1133 854 1224 hoo
873 1161 965 1247 gas,
985 1135 1165 1225 liberatio
1192 1133 1305 1218 brevi
1331 1149 1458 1223 cessat
1483 1151 1524 1214 et
1544 1137 1653 1218 nulla

284 1260 541 1376 germinatio;
562 1260 597 1341 si
614 1259 723 1350 adsit¹
735 1286 848 1373 pars,
870 1258 1041 1373 vertitur
1058 1259 1102 1340 in
1121 1285 1191 1370 gas
1208 1257 1366 1372 acidum
1386 1254 1653 1340 carbunicam.

282 1381 376 1462 Non
403 1379 561 1466 videtur
590 1371 693 1497 aqtia
719 1375 951 1493 decemponi
977 1376 1020 1464 i'n
1049 1397 1141 1464 actu
1166 1381 1487 1496 germinationis,
1510 1379 1652 1462 saltem

281 1501 381 1584 nihil
405 1503 482 1586 hoc
507 1505 564 1586 ita
589 1531 632 1586 se
663 1503 810 1590 habere
838 1507 941 1589 clare
967 1505 1118 1620 prohat.
1146 1505 1239 1590 Non
1258 1506 1456 1590 evolvitur
1481 1533 1555 1586 nec
1581 1531 1652 1614 gas

279 1623 570 1738 hydrogenium
584 1655 658 1712 nec
674 1655 743 1742 gas
761 1629 1025 1744 oxygonium
1042 1647 1081 1712 et
1094 1657 1169 1742 pro
1188 1657 1300 1742 aquae
1317 1625 1651 1737 decompositione

280 1774 361 1827 non
373 1750 522 1832 mirum
541 1749 765 1858 videretur,
784 1753 819 1835 si
839 1779 952 1865 aquae
967 1754 1070 1837 ra'tio
1086 1751 1265 1864 prodiret
1281 1779 1353 1863 per
1365 1748 1552 1832 unionem
1565 1747 1650 1856 ejus

280 1869 624 1980 constituentium,
642 1873 872 1990 hydrogene
899 1893 938 1959 et
965 1903 1146 1990 oxygene
1170 1877 1285 1987 prius
1308 1876 1351 1957 in
1377 1870 1527 1955 semine
1545 1869 1649 1952 exis·

278 1992 462 2076 tentibus.

326 2163 503 2248 Plurima
524 2170 676 2252 semina
700 2170 987 2281 germinatione
1007 2155 1492 2284 saporem'saoeharinum
1515 2163 1649 2274 aequi-

277 2297 385 2366 runl.
409 2290 661 2366 concludant
681 2293 848 2387 chamini
871 2291 1170 2396 mucilaginem,
1195 2319 1317 2396 quam
1348 2287 1576 2382 continent,
1606 2286 1650 2364 in

276 2402 485 2487 materiam
509 2402 793 2514 macharium
811 2432 1044 2488 conversam
1070 2403 1443 2513 esseObservatur
1474 2401 1651 2484 carbonii

277 2527 464 2611 volumen
485 2527 614 2628 minui
641 2554 714 2638 per
738 2527 1091 2640 germinationem,
1117 2541 1159 2608 et
1184 2527 1262 2611 uisi
1283 2543 1493 2638 generetur
1524 2553 1649 2634 aqua,

275 2651 462 2732 volumen
488 2649 727 2761 hydrogem‘i
754 2667 795 2731 et
816 2651 1003 2760 exygenii
1032 2651 1330 2761 proportionate
1358 2649 1494 2760 augeri
1521 2647 1648 2732 debet

276 2772 442 2856 Constat
462 2774 632 2858 calorem
649 2772 815 2886 produci
830 2801 903 2884 per
918 2774 1256 2888 germinationem.

326 2957 437 3037 Dum
454 2961 619 3034 materia
636 2960 811 3032 lerinosa
829 2961 873 3034 in
891 2962 1110 3034 seminibus
1133 2959 1409 3060 vegetabilium
1427 2960 1472 3031 in
1490 2958 1646 3037 sacella.

274 3104 367 3160 rum
389 3077 657 3188 permutatur,
677 3101 846 3185 magnus
862 3100 1051 3155 vasorum
1069 3099 1261 3152 numerus
1278 3072 1321 3152 in
1345 3075 1646 3182 cotyledonibus

276 3215 403 3311 patet,
433 3226 523 3310 quae
541 3197 727 3281 radiculae
746 3195 993 3284 transferunt
1021 3195 1254 3276 alimentum
1276 3195 1317 3274 in
1346 3198 1645 3305 cotyledonibus

276 3341 562 3436 praeparatum
589 3339 678 3404 tum
701 3319 905 3423 accrescit,
924 3317 1068 3400 radicis
1087 3315 1260 3398 formam
1283 3319 1473 3418 assumit,
1492 3323 1535 3400 in
1564 3340 1644 3406 ter.

275 3475 364 3531 ram
381 3463 583 3557 penetrat,
600 3463 641 3530 et
652 3444 764 3530 brevi
782 3459 913 3554 potest
930 3441 1136 3526 extrahere
1152 3439 1644 3540 alimentumincremento

274 3571 419 3680 plantae
447 3567 584 3651 futuro
608 3565 883 3648 necessarium
906 3565 984 3647 Sed
1009 3564 1106 3646 dum
1126 3565 1302 3646 radicula
1320 3566 1507 3674 plantulae
1530 3568 1644 3650 radix

275 3689 448 3800 perlecta
468 3689 615 3790 erasit,
634 3685 769 3798 planta
788 3703 970 3797 vegetare
987 3687 1152 3787 desinit,
1179 3689 1216 3771 si
1237 3689 1468 3772 auferantur
1495 3691 1643 3798 cotyle-

274 3815 407 3895 dones.
418 3810 682 3919 Cotyledones
694 3828 782 3896 tum
799 3809 987 3892 loliorum
1004 3837 1093 3921 quse
1105 3840 1229 3922 supra
1241 3829 1388 3895 terram
1405 3811 1642 3912 offeruntur,

275 3935 447 4018 formam
474 3951 683 4018 assumunt
700 3993 721 4037 ,.
742 3951 782 4016 et
812 3931 906 4020 folia
935 3935 1081 4046 plantas
1108 3937 1379 4046 primordialia
1416 3933 1640 4018 efformaut.

275 4061 412 4140 Postea
434 4057 613 4167 plumula
628 4059 778 4144 sensim
796 4059 954 4162 crescit,
974 4086 1097 4168 supra
1116 4075 1233 4142 terrae
1249 4058 1498 4169 superficiem
1510 4060 1641 4142 eleva·

275 4189 365 4282 tur,
392 4198 432 4261 et
458 4180 501 4262 in
520 4209 652 4264 ramos
678 4199 718 4266 et
743 4182 837 4266 folia
864 4209 950 4266 sese
976 4183 1155 4292 explicat·
1176 4183 1293 4268 Brevi
1314 4199 1452 4291 postea
1472 4201 1640 4292 pereunt

276 4300 370 4382 solia
392 4303 615 4408 seminalia,
632 4305 778 4416 cadunt
798 4324 838 4388 et
856 4309 990 4418 planta
1011 4335 1083 4418 per
1108 4334 1245 4390 omnes
1265 4305 1521 4418 vegetationis
1543 4335 1638 4416 pro-

277 4449 410 4513 cessus
430 4427 598 4510 transire
616 4429 745 4544 pergit
763 4429 911 4542 absque
929 4459 1067 4518 eorum
1082 4431 1241 4518 auxilio.
1254 4429 1358 4515 Cum
1378 4427 1510 4513 autem
1530 4459 1638 4514 eom·

1410 4554 1444 4628 5.
