4517 5867
607 598 653 694 7s
992 590 1150 663 minc.
1175 587 1264 659 rac.
1291 584 1581 657 scnomsnar

609 794 773 888 nititur,
796 806 855 871 est
875 786 1042 896 quidem
1062 783 1263 873 invalidus
1274 810 1323 863 ex
1335 797 1406 862 art
1418 808 1434 860 1
1446 804 1540 887 109,
1557 793 1598 857 at
1614 771 1717 854 illud
1726 798 1814 853 non
1833 773 1983 873 obstat,

608 915 829 1023 quominus
844 908 1075 1018 praescribat
1090 932 1165 1013 per
1176 904 1229 987 30
1244 930 1371 985 annos
1388 919 1460 1019 art
1475 900 1589 983 2262.

662 1102 819 1179 Vitiosa
838 1100 958 1179 etiam
981 1114 1041 1177 est
1064 1098 1278 1207 possessio,
1296 1120 1388 1205 quae
1406 1091 1510 1171 clam
1533 1086 1771 1199 acquiritur,
1794 1086 1857 1165 uti
1884 1086 1982 1183 hoc,

608 1226 642 1304 si
662 1247 966 1330 nonexpresse,
984 1220 1125 1299 saltem
1147 1246 1269 1329 quam
1290 1212 1589 1296 evidentissime
1609 1206 1804 1316 implicite
1824 1226 1983 1289 constat

609 1373 657 1425 ex
683 1361 746 1425 art
771 1369 875 1451 2229
901 1340 1001 1421 Cod.
1026 1342 1137 1441 Ciu,
1159 1341 1232 1448 qui
1251 1336 1478 1443 pacificam,
1501 1329 1780 1442 pervulgatam
1799 1358 1982 1411 necnon

612 1468 859 1577 aequivocam
873 1462 1169 1569 possessionem
1189 1458 1373 1567 requirit

661 1651 923 1737 Clandestina
942 1647 1025 1755 jam
1043 1672 1143 1725 vero
1160 1646 1359 1754 possessio
1378 1672 1425 1726 ea
1443 1660 1524 1747 est,
1544 1670 1669 1752 quam
1689 1641 1811 1722 hahet
1831 1645 1888 1747 is,
1905 1645 1979 1754 qui
2000 1704 2005 1713 .

606 1774 818 1877 ignorante
838 1769 1005 1851 domino
1024 1768 1192 1878 ejusque
1207 1796 1257 1847 ex
1275 1784 1494 1875 conspectu
1509 1794 1553 1847 se
1571 1764 1741 1869 abdens,
1752 1780 1801 1845 ut
1816 1783 1983 1846 contro-

608 1892 781 1973 versiam
796 1890 848 1971 ab
869 1918 919 1971 eo
939 1888 1161 1969 timendam
1177 1891 1323 1989 evitet,
1345 1891 1641 1996 possessionem
1662 1886 1808 1968 furtive
1827 1889 1980 1993 ingres·

608 2040 676 2095 sus
705 2029 780 2111 est,
810 2039 903 2111 seu,
922 2028 971 2091 ut
995 2008 1117 2089 habet
1138 2012 1182 2088 1,
1204 2012 1232 2091 6
1255 2008 1292 2087 tf
1311 2008 1363 2089 de
1386 2036 1472 2121 acq.
1499 2011 1565 2091 vel
1587 2013 1712 2091 amitt
1733 2036 1856 2118 poss,
1880 2008 1983 2087 clam

606 2134 814 2243 possidere
829 2134 1011 2213 dicemus
1023 2158 1139 2234 eum,
1151 2134 1225 2240 qui
1237 2132 1385 2214 furtive
1399 2136 1602 2239 ingressus
1620 2151 1681 2215 est
1692 2133 1983 2243 possessionem

607 2258 819 2359 ignorante
831 2281 902 2356 eo,
918 2280 1044 2363 quem
1056 2254 1136 2333 sibi
1155 2257 1470 2335 controversiam
1478 2256 1684 2337 facturum
1691 2252 1986 2363 suspicabatur,

484 2414 488 2421 ·
608 2389 650 2455 et
668 2400 720 2454 ne
739 2372 888 2455 faceret
908 2375 1086 2456 timebat.
1111 2378 1226 2455 Patet
1249 2374 1366 2471 hinc,
1386 2374 1438 2452 ad
1458 2375 1747 2453 clandestinam
1766 2374 1988 2478 possessio·

608 2522 704 2579 nem
729 2497 902 2605 requiri,
923 2512 970 2575 ut
988 2520 1194 2601 possessor
1215 2493 1530 2571 controversiam
1549 2492 1734 2569 timuerit
1749 2508 1821 2569 aut
1842 2492 1986 2572 saltem

607 2618 750 2695 timere
773 2614 981 2706 debuerit;
1005 2638 1099 2689 nam
1119 2610 1214 2689 licet
1237 2612 1555 2689 controversiam
1584 2635 1671 2689 non
1695 2610 1920 2708 timuisset,
1945 2613 1983 2690 si

607 2732 730 2817 modo
751 2733 873 2815 fuerit
890 2733 967 2845 ipsi
985 2732 1086 2810 ratio
1101 2758 1192 2813 eam
1204 2716 1395 2834 timendi,
1405 2730 1616 2811 videbitur
1635 2732 1740 2811 clam
1756 2730 1981 2840 possidere,

606 2884 660 2939 ne
674 2852 853 2933 melioris
866 2839 1109 2925 conditionis
1125 2842 1209 2919 sint
1216 2840 1329 2921 stulti
1339 2872 1464 2953 quam
1477 2854 1610 2958 periti.
1620 2854 1861 2958 Requiritur
1871 2856 1985 2934 insu-

608 2976 702 3083 per,
730 2986 777 3049 ut
808 2968 1020 3073 ignorante
1046 2961 1215 3041 domino
1238 2964 1533 3070 possessionem
1562 2966 1765 3071 ingressus
1788 2968 1850 3047 sit.
1876 2972 1985 3051 Hine

610 3094 761 3202 siquis
796 3090 965 3169 domino
997 3085 1149 3165 sciente
1181 3110 1228 3163 ac
1259 3084 1420 3165 volente
1449 3088 1745 3193 possessiouem
1781 3092 1984 3196 ingressus

607 3215 680 3313 sit,
706 3239 792 3293 non
811 3209 1058 3313 intelligetur
1076 3205 1179 3285 clam
1198 3206 1425 3314 possidere,
1447 3210 1705 3319 quinetiam,
1724 3229 1772 3291 ut
1792 3212 1984 3297 dominus

609 3334 654 3415 id
671 3333 848 3413 voluisse
865 3346 1096 3429 censeatur,
1114 3326 1287 3431 sufficit,
1310 3345 1356 3409 ut
1376 3331 1557 3428 sciverit,
1578 3335 1737 3413 tametsi
1756 3335 1873 3415 nullo
1892 3353 1981 3416 actu

610 3472 777 3537 externo
807 3478 1049 3533 consensum
1079 3476 1202 3531 suum
1226 3452 1466 3559 prostiterit.
1492 3442 1603 3533 Hine
1623 3457 1765 3553 etiam,
1790 3474 1838 3536 ut
1859 3486 1978 3539 nemo

611 3586 746 3683 potest
758 3594 845 3647 rem
857 3598 971 3653 suam
983 3573 1167 3679 precario
1174 3571 1401 3679 possidere,
1418 3575 1476 3653 ita
1484 3575 1605 3655 etiam
1616 3602 1739 3656 nemo
1750 3594 1883 3683 potest
1892 3604 1976 3655 rem

610 3718 724 3775 suam
742 3691 844 3769 clam
862 3690 1089 3799 possidere;
1107 3718 1201 3773 nam
1219 3694 1255 3773 is
1270 3693 1382 3775 solus
1391 3693 1540 3777 dicitur
1551 3696 1655 3777 elam
1665 3697 1885 3805 possidere,
1902 3699 1975 3805 qui

609 3818 819 3923 ignorante
839 3813 1007 3895 domiuo
1028 3816 1323 3921 possessiouem
1341 3814 1488 3899 firrtire
1507 3820 1707 3922 ingressus
1726 3832 1795 3897 est

649 4024 805 4101 Verum
818 4039 953 4104 autem
961 4024 1168 4133 quaeritur,
1176 4052 1259 4134 quo
1270 4041 1450 4131 tempore
1458 4022 1536 4103 hoc
1548 4024 1696 4102 vitium
1705 4023 1976 4105 contrahitur?
2059 4042 2062 4050 '

612 4142 876 4223 Contrahitur
902 4143 1047 4224 eodem
1074 4162 1256 4253 tempore
1282 4174 1328 4227 ae
1348 4146 1494 4225 vitium
1521 4144 1750 4250 violentiae,
1770 4165 1976 4228 momento

610 4250 748 4374 itaque
768 4290 853 4373 quo
873 4263 1095 4372 acquiritur
1115 4268 1312 4374 possessio
1332 4284 1404 4345 art
1426 4264 1552 4375 2269,
1571 4265 1739 4366 aa3oet
1759 4268 1974 4351 2231Cod.

611 4380 712 4479 Civ.;
724 4386 822 4495 quia
840 4412 925 4465 nou
945 4384 1050 4465 ratio
1071 4384 1303 4500 obtinendae
1317 4390 1596 4495 possessionis,
1607 4390 1679 4471 sed
1691 4391 1805 4498 origo
1826 4393 1976 4471 nancis-
