4517 5867
611 613 854 684 arsrortsm
879 615 944 682 su
967 561 1136 700 cossa
1162 619 1302 689 suaso.
1599 617 1639 690 31

739 861 932 944 suerro
951 863 1183 982 Quium.
1287 968 1291 977 V

386 1103 469 1182 Per
485 1125 589 1210 quas
598 1125 790 1209 personas
796 1096 1080 1206 possessionem
1100 1100 1305 1204 acquirere
1310 1104 1542 1205 possimus?

329 1366 591 1476 Aequirimus
606 1363 902 1468 possessionem
921 1359 1004 1438 non
1025 1358 1158 1440 solum
1175 1386 1249 1468 per
1267 1360 1559 1469 nosmetipsos,
1578 1361 1649 1442 sed

283 1506 323 1569 et
343 1489 463 1566 etiam
484 1513 557 1592 per
579 1473 678 1563 alios
703 1487 790 1564 sine
813 1484 1087 1581 distinctione,
1103 1495 1155 1562 ari
1172 1486 1254 1563 siut
1273 1485 1317 1563 iu
1339 1502 1534 1593 potestate
1558 1514 1652 1586 uos·

156 1653 159 1670 v
274 1610 336 1689 tra
360 1609 569 1689 constituti
586 1634 660 1687 uec
685 1635 747 1687 ne.
768 1608 822 1686 At
841 1599 1049 1687 videamus
1070 1607 1204 1715 prius,
1233 1607 1443 1715 quomodo
1464 1610 1650 1717 acquire·
1744 1629 1752 1640 ¹

167 1779 172 1790 ·
275 1749 342 1813 tur
361 1732 480 1812 nobis
496 1733 694 1842 possessio
708 1757 783 1839 per
801 1757 892 1828 eos,
915 1757 1019 1839 quos
1037 1729 1082 1806 in
1102 1744 1297 1842 potestate
1317 1729 1524 1808 habemus.

331 1925 607 2034 Adipiscimur
625 1924 921 2036 possessionem
939 1949 1014 2030 per
1032 1948 1117 2018 eos,
1140 1923 1213 2030 qui
1231 1923 1275 2000 in
1295 1939 1493 2029 potestate
1512 1925 1651 2002 nostra

163 2093 164 2098 η
270 2046 480 2127 constituti
490 2065 596 2136 sunt,
605 2065 652 2116 ut
661 2075 734 2142 por
745 2046 886 2132 fllium,
895 2073 1069 2131 servum,
1080 2073 1154 2114 nec
1164 2073 1250 2116 non
1257 2073 1330 2142 per
1338 2073 1532 2148 eosquos
1543 2043 1653 2122 bonit

272 2165 353 2244 fide
368 2161 637 2270 possidemus,
658 2158 843 2267 quamvis
858 2156 979 2235 alieni
997 2158 1078 2236 sint
1094 2157 1159 2236 vel
1172 2157 1291 2236 liberi
1309 2163 1351 2238 L.
1378 2188 1409 2258 1,
1429 2167 1455 2260 §
1477 2162 1556 2243 det
1574 2163 1652 2246 off.
1732 2175 1735 2179 ’

274 2286 312 2364 h.
338 2302 365 2363 t.
396 2285 596 2363 Caeterum
618 2307 692 2390 per
712 2305 970 2396 communem
993 2306 1182 2389 quoque,
1206 2281 1324 2358 sicuti
1347 2308 1422 2388 per
1440 2289 1654 2391 proprium

274 2407 572 2517 possessionem
598 2405 870 2512 acquirimus,
892 2402 1011 2481 etiam
1040 2401 1190 2508 singuli
1217 2403 1482 2505 insolidum,
1511 2407 1544 2484 si
1577 2406 1655 2486 hoc

277 2548 368 2635 agat
393 2554 556 2624 servus,
587 2541 634 2603 ut
662 2526 735 2603 uni
768 2526 948 2634 acquirat
975 2526 1092 2603 sicuti
1124 2527 1168 2603 iu
1197 2524 1381 2605 dominio
1406 2531 1654 2637 acquirendo

278 2651 315 2730 d.
346 2653 389 2729 L.
416 2654 500 2749 1,§
522 2675 566 2754 7,
588 2648 687 2724 item
716 2673 789 2750 per
816 2673 928 2748 eum,
952 2648 995 2725 iu
1022 2675 1105 2758 quo
1135 2646 1437 2727 usumfructum
1457 2649 1654 2730 habemus

278 2771 316 2852 d.
339 2775 383 2850 L.
413 2797 450 2867 1,
472 2773 498 2868 §
519 2766 561 2865 8,
583 2783 623 2845 at
643 2764 803 2856 duabus
828 2781 986 2842 tantum
1012 2797 1061 2842 ex
1088 2771 1247 2863 causis,
1275 2773 1358 2843 suis
1384 2801 1435 2844 ex
1460 2773 1655 2874 operibus

278 2915 426 2998 nempe
447 2905 489 2968 et
519 2917 569 2968 ex
595 2915 639 2967 re
667 2888 826 2985 nostrai,
850 2887 927 2963 nisi
954 2901 1093 2963 nostro
1122 2887 1289 2964 nomine
1311 2903 1351 2965 et
1374 2915 1423 2966 ex
1449 2888 1655 2971 voluntate

278 3015 415 3094 nostrd
433 3011 729 3120 apprehendat3
748 3037 842 3088 nam
862 3026 902 3087 ct
919 3024 1016 3086 tunc
1037 3034 1109 3116 per
1128 3035 1222 3086 eum
1244 3009 1307 3087 uti
1326 3036 1401 3115 per
1418 3026 1656 3092 extraneum

281 3164 331 3215 ex
351 3137 609 3244 quicumque
629 3135 746 3228 causi
764 3135 1059 3239 possessionem
1080 3132 1336 3240 acquirimus.
1359 3133 1454 3211 Non'
1474 3135 1576 3215 nihii
1594 3154 1655 3216 ta-

281 3285 378 3337 men
404 3258 588 3358 interest,
606 3272 745 3335 utrum
772 3283 847 3363 per
872 3254 1001 3333 filium
1023 3281 1074 3355 au
1097 3281 1195 3333 vero
1216 3283 1290 3363 per
1315 3283 1477 3335 servum
1498 3286 1655 3365 posses-

282 3382 439 3462 sionem
465 3381 732 3488 acquirimus,
754 3381 904 3492 etenim
930 3395 976 3458 ut
996 3406 1072 3487 per
1089 3405 1251 3458 servum
1273 3379 1568 3485 possessionem
1592 3410 1656 3462 ac·

283 3487 508 3610 quiramus,
530 3499 694 3598 sufficit,
715 3518 761 3579 ut
777 3527 871 3579 eum
893 3499 1002 3579 hona
1021 3499 1100 3580 fide
1113 3499 1409 3608 possideamus,
1427 3502 1511 3578 sive
1522 3521 1661 3583 noster

281 3624 333 3700 sit
354 3626 438 3701 sive
462 3650 566 3720 non,
588 3640 637 3702 ut
653 3637 789 3701 autem
807 3649 879 3729 per
907 3621 1036 3700 filium
1057 3625 1313 3732 acquiramus
1339 3621 1656 3727 possessionem,

281 3750 441 3824 necesse
460 3761 545 3846 est,
563 3763 610 3826 ut
620 3737 759 3826 noster
780 3747 858 3860 sit,
871 3773 946 3826 nec
967 3741 1133 3840 sufficit,
1159 3762 1205 3823 ut
1219 3767 1314 3822 eum
1334 3741 1444 3821 boni
1461 3742 1541 3823 fide
1562 3773 1657 3852 pos-

281 3867 481 3948 sideamus
508 3871 550 3948 L.
576 3867 627 3952 50
656 3867 697 3948 ff.
721 3867 759 3946 h.
778 3885 805 3948 t.
827 3869 943 3946 Ratio
965 3866 1047 3975 jam
1079 3894 1179 3945 vero
1203 3863 1446 3973 disparitatis
1475 3871 1658 3947 consistit

281 3991 325 4067 in
350 4017 418 4092 eo,
438 3992 572 4100 quod,
594 3995 628 4092 si
650 4021 724 4100 per
741 3991 871 4072 filium
892 3991 1475 4097 aequiramuspossessionem,
1493 4010 1553 4071 est
1563 3991 1654 4099 jure

279 4115 510 4221 potestatis,
524 4111 619 4200 hinc
633 4135 707 4216 per
724 4099 818 4188 eum
832 4113 1042 4217 acquirere
1061 4138 1147 4190 nou
1164 4130 1353 4219 possunt,
1369 4118 1442 4224 qui
1461 4115 1569 4194 illam
1587 4136 1655 4214 po·

279 4248 463 4310 testatem
481 4257 567 4308 nou
590 4228 762 4326 habent3
783 4245 940 4309 atvero
962 4233 1033 4339 qui
1054 4259 1127 4339 per
1148 4260 1311 4313 servum
1328 4239 1565 4338 acquirunt,
1588 4256 1652 4307 ac·

282 4354 472 4463 quirunt,
496 4352 591 4463 quia
618 4380 712 4470 eum
739 4349 967 4458 possident,
989 4352 1070 4459 jam
1099 4370 1233 4432 autem
1256 4376 1470 4463 possumus
1490 4376 1652 4471 servum

283 4475 490 4585 possidere
513 4473 638 4583 idque
660 4475 770 4555 boni
788 4473 886 4572 fide,
908 4473 1000 4554 licet
1022 4478 1074 4556 sit
1093 4478 1257 4556 alienus.
