<?xml version="1.0" encoding="UTF-8"?>
<!DOCTYPE html PUBLIC "-//W3C//DTD XHTML 1.0 Transitional//EN"
    "http://www.w3.org/TR/xhtml1/DTD/xhtml1-transitional.dtd">
<html xmlns="http://www.w3.org/1999/xhtml" xml:lang="en" lang="en">
 <head>
  <title>
</title>
<meta http-equiv="Content-Type" content="text/html;charset=utf-8" />
  <meta name='ocr-system' content='tesseract 3.04.00' />
  <meta name='ocr-capabilities' content='ocr_page ocr_carea ocr_par ocr_line ocrx_word'/>
</head>
<body>
  <div class='ocr_page' id='page_1' title='image "annalesacademia01goog_0071.png"; bbox 0 0 4517 5867; ppageno 0'>
   <div class='ocr_carea' id='block_1_1' title="bbox 277 556 1642 601">
    <p class='ocr_par' dir='ltr' id='par_1_1' title="bbox 277 556 1642 601">
     <span class='ocr_line' id='line_1_1' title="bbox 277 556 1642 601; baseline -0.012 -2"><span class='ocrx_word' id='word_1_1' title='bbox 277 556 1642 601; x_wconf 54' lang='lat' dir='ltr'><strong>mmmmmummmmmmw</strong></span> 
     </span>
    </p>
   </div>
   <div class='ocr_carea' id='block_1_2' title="bbox 410 710 1504 951">
    <p class='ocr_par' dir='ltr' id='par_1_2' title="bbox 410 710 1504 951">
     <span class='ocr_line' id='line_1_2' title="bbox 410 710 1504 951; baseline -0.007 -16"><span class='ocrx_word' id='word_1_2' title='bbox 410 710 890 935; x_wconf 73' lang='lat' dir='ltr'><strong>tuorem</strong></span> <span class='ocrx_word' id='word_1_3' title='bbox 959 790 1504 951; x_wconf 77' lang='lat' dir='ltr'><strong>ouuruuu</strong></span> 
     </span>
    </p>
   </div>
   <div class='ocr_carea' id='block_1_3' title="bbox 267 1004 1609 1383">
    <p class='ocr_par' dir='ltr' id='par_1_3' title="bbox 267 1004 1609 1383">
     <span class='ocr_line' id='line_1_3' title="bbox 433 1004 1446 1173; baseline -0.007 -24"><span class='ocrx_word' id='word_1_4' title='bbox 433 1166 436 1173; x_wconf 48' lang='grc'>,</span> <span class='ocrx_word' id='word_1_5' title='bbox 469 1058 548 1149; x_wconf 85' lang='lat' dir='ltr'><strong>un</strong></span> <span class='ocrx_word' id='word_1_6' title='bbox 579 1004 896 1153; x_wconf 74' lang='lat' dir='ltr'><strong>assaumis</strong></span> <span class='ocrx_word' id='word_1_7' title='bbox 924 1054 1005 1151; x_wconf 74' lang='lat' dir='ltr'><strong>sn</strong></span> <span class='ocrx_word' id='word_1_8' title='bbox 1039 1052 1446 1157; x_wconf 74' lang='lat' dir='ltr'><strong>ouansrrouss</strong></span> 
     </span>
     <span class='ocr_line' id='line_1_4' title="bbox 267 1240 1609 1383; baseline -0.001 -56"><span class='ocrx_word' id='word_1_9' title='bbox 267 1374 270 1383; x_wconf 13' lang='grc' dir='ltr'><strong>Ἰ</strong></span> <span class='ocrx_word' id='word_1_10' title='bbox 310 1244 699 1329; x_wconf 85' lang='lat' dir='ltr'><strong>ACADEMIARUM</strong></span> <span class='ocrx_word' id='word_1_11' title='bbox 725 1241 1069 1325; x_wconf 80' lang='lat' dir='ltr'><strong>BELGICARUM</strong></span> <span class='ocrx_word' id='word_1_12' title='bbox 1097 1242 1305 1326; x_wconf 88' lang='lat' dir='ltr'>CIVIBUS</span> <span class='ocrx_word' id='word_1_13' title='bbox 1332 1240 1609 1325; x_wconf 85' lang='lat' dir='ltr'><strong>STUDIOSIS</strong></span> 
     </span>
    </p>
   </div>
   <div class='ocr_carea' id='block_1_4' title="bbox 587 1440 1332 1516">
    <p class='ocr_par' dir='ltr' id='par_1_4' title="bbox 587 1440 1332 1516">
     <span class='ocr_line' id='line_1_5' title="bbox 587 1440 1332 1516; baseline -0.004 -5"><span class='ocrx_word' id='word_1_14' title='bbox 587 1444 688 1511; x_wconf 84' lang='lat' dir='ltr'><strong>PRO</strong></span> <span class='ocrx_word' id='word_1_15' title='bbox 715 1441 1013 1516; x_wconf 80' lang='lat' dir='ltr'>CERTAMINE</span> <span class='ocrx_word' id='word_1_16' title='bbox 1046 1440 1332 1509; x_wconf 78' lang='lat' dir='ltr'><strong>LITERualo</strong></span> 
     </span>
    </p>
   </div>
   <div class='ocr_carea' id='block_1_5' title="bbox 522 1591 1424 1702">
    <p class='ocr_par' dir='ltr' id='par_1_5' title="bbox 522 1591 1424 1702">
     <span class='ocr_line' id='line_1_6' title="bbox 522 1591 1424 1702; baseline -0.006 -3"><span class='ocrx_word' id='word_1_17' title='bbox 522 1635 688 1700; x_wconf 79' lang='lat' dir='ltr'><strong>nunus</strong></span> <span class='ocrx_word' id='word_1_18' title='bbox 723 1633 935 1702; x_wconf 74' lang='lat' dir='ltr'><strong>auousu</strong></span> <span class='ocrx_word' id='word_1_19' title='bbox 967 1630 1088 1699; x_wconf 75' lang='lat' dir='ltr'><strong>sum</strong></span> <span class='ocrx_word' id='word_1_20' title='bbox 1123 1591 1424 1699; x_wconf 78' lang='lat' dir='ltr'><strong>uncccrux&#39;</strong></span> 
     </span>
    </p>
   </div>
   <div class='ocr_carea' id='block_1_6' title="bbox 735 1842 1170 1948">
    <p class='ocr_par' dir='ltr' id='par_1_6' title="bbox 735 1842 1170 1948">
     <span class='ocr_line' id='line_1_7' title="bbox 735 1842 1170 1948; baseline -0.011 -1"><span class='ocrx_word' id='word_1_21' title='bbox 735 1842 1170 1948; x_wconf 87' lang='lat' dir='ltr'><strong>PROPOSITAS.</strong></span> 
     </span>
    </p>
   </div>
   <div class='ocr_carea' id='block_1_7' title="bbox 283 2266 1647 2563">
    <p class='ocr_par' dir='ltr' id='par_1_7' title="bbox 283 2266 1647 2563">
     <span class='ocr_line' id='line_1_8' title="bbox 283 2266 1647 2430; baseline 0.01 -42"><span class='ocrx_word' id='word_1_22' title='bbox 283 2300 643 2390; x_wconf 77' lang='lat' dir='ltr'><strong>Junrcruu</strong></span> <span class='ocrx_word' id='word_1_23' title='bbox 687 2266 992 2395; x_wconf 77' lang='lat' dir='ltr'><strong>oauruls</strong></span> <span class='ocrx_word' id='word_1_24' title='bbox 1037 2298 1647 2430; x_wconf 72' lang='lat' dir='ltr'><strong>ursoremuaauu</strong></span> 
     </span>
     <span class='ocr_line' id='line_1_9' title="bbox 329 2438 1622 2563; baseline 0.002 -38"><span class='ocrx_word' id='word_1_25' title='bbox 329 2440 992 2563; x_wconf 72' lang='lat' dir='ltr'><strong>Maruuusriciaun</strong></span> <span class='ocrx_word' id='word_1_26' title='bbox 1017 2442 1105 2531; x_wconf 80' lang='grc' dir='ltr'><strong>ΕΤ</strong></span> <span class='ocrx_word' id='word_1_27' title='bbox 1127 2438 1584 2533; x_wconf 70' lang='lat' dir='ltr'><strong>russicarum</strong></span> <span class='ocrx_word' id='word_1_28' title='bbox 1617 2488 1622 2495; x_wconf 86' lang='lat'><em>-</em></span> 
     </span>
    </p>
   </div>
   <div class='ocr_carea' id='block_1_8' title="bbox 805 2644 1095 2677">
    <p class='ocr_par' dir='ltr' id='par_1_8' title="bbox 805 2644 1095 2677">
     <span class='ocr_line' id='line_1_10' title="bbox 805 2644 1095 2677; baseline -0.021 -2"><span class='ocrx_word' id='word_1_29' title='bbox 805 2644 1095 2677; x_wconf 54' lang='lat'><strong>*-</strong></span> 
     </span>
    </p>
   </div>
   <div class='ocr_carea' id='block_1_9' title="bbox 264 2766 1639 2997">
    <p class='ocr_par' dir='ltr' id='par_1_9' title="bbox 264 2766 1639 2997">
     <span class='ocr_line' id='line_1_11' title="bbox 316 2766 1639 2880; baseline 0.002 -35"><span class='ocrx_word' id='word_1_30' title='bbox 316 2768 410 2845; x_wconf 89' lang='lat' dir='ltr'><strong>Non</strong></span> <span class='ocrx_word' id='word_1_31' title='bbox 437 2798 705 2877; x_wconf 78' lang='lat' dir='ltr'><strong>quaecumque</strong></span> <span class='ocrx_word' id='word_1_32' title='bbox 733 2798 823 2879; x_wconf 83' lang='lat' dir='ltr'><strong>quaa</strong></span> <span class='ocrx_word' id='word_1_33' title='bbox 850 2771 902 2852; x_wconf 87' lang='lat' dir='ltr'><strong>de</strong></span> <span class='ocrx_word' id='word_1_34' title='bbox 930 2789 1167 2880; x_wconf 85' lang='lat' dir='ltr'><strong>argumento</strong></span> <span class='ocrx_word' id='word_1_35' title='bbox 1198 2769 1368 2853; x_wconf 86' lang='lat' dir='ltr'><strong>dicenda</strong></span> <span class='ocrx_word' id='word_1_36' title='bbox 1394 2786 1510 2850; x_wconf 88' lang='lat' dir='ltr'><strong>eraut</strong></span> <span class='ocrx_word' id='word_1_37' title='bbox 1537 2766 1639 2848; x_wconf 83' lang='lat' dir='ltr'><strong>dixit</strong></span> 
     </span>
     <span class='ocr_line' id='line_1_12' title="bbox 264 2891 1638 2997; baseline -0.002 -29"><span class='ocrx_word' id='word_1_38' title='bbox 264 2906 403 2968; x_wconf 83' lang='lat' dir='ltr'><strong>auctor</strong></span> <span class='ocrx_word' id='word_1_39' title='bbox 426 2892 704 2966; x_wconf 89' lang='lat' dir='ltr'><strong>commentarii</strong></span> <span class='ocrx_word' id='word_1_40' title='bbox 727 2895 792 2968; x_wconf 89' lang='lat' dir='ltr'><strong>cui</strong></span> <span class='ocrx_word' id='word_1_41' title='bbox 816 2895 1058 2997; x_wconf 76' lang='lat' dir='ltr'><strong>inseriptio&#39;z</strong></span> <span class='ocrx_word' id='word_1_42' title='bbox 1086 2898 1139 2971; x_wconf 82' lang='lat' dir='ltr'><strong>In</strong></span> <span class='ocrx_word' id='word_1_43' title='bbox 1159 2897 1323 2970; x_wconf 63' lang='lat' dir='ltr'><strong>tenebris</strong></span> <span class='ocrx_word' id='word_1_44' title='bbox 1343 2910 1496 2965; x_wconf 81' lang='lat' dir='ltr'><strong>metam</strong></span> <span class='ocrx_word' id='word_1_45' title='bbox 1507 2891 1638 2984; x_wconf 68' lang='lat' dir='ltr'><strong>fertio</strong></span> 
     </span>
    </p>
   </div>
   <div class='ocr_carea' id='block_1_10' title="bbox 261 3005 1638 3970">
    <p class='ocr_par' dir='ltr' id='par_1_10' title="bbox 261 3005 1638 3970">
     <span class='ocr_line' id='line_1_13' title="bbox 264 3005 1638 3116; baseline -0.003 -26"><span class='ocrx_word' id='word_1_46' title='bbox 264 3010 439 3090; x_wconf 85' lang='lat' dir='ltr'><strong>arduum</strong></span> <span class='ocrx_word' id='word_1_47' title='bbox 452 3026 516 3089; x_wconf 82' lang='lat' dir='ltr'><strong>est.</strong></span> <span class='ocrx_word' id='word_1_48' title='bbox 529 3005 609 3087; x_wconf 85' lang='lat' dir='ltr'><strong>Sed</strong></span> <span class='ocrx_word' id='word_1_49' title='bbox 620 3024 666 3087; x_wconf 85' lang='lat' dir='ltr'><strong>ut</strong></span> <span class='ocrx_word' id='word_1_50' title='bbox 675 3006 884 3113; x_wconf 88' lang='lat' dir='ltr'><strong>inscriptio</strong></span> <span class='ocrx_word' id='word_1_51' title='bbox 898 3010 987 3109; x_wconf 61' lang='lat' dir='ltr'><strong>fert,</strong></span> <span class='ocrx_word' id='word_1_52' title='bbox 999 3040 1064 3090; x_wconf 87' lang='lat' dir='ltr'><strong>res</strong></span> <span class='ocrx_word' id='word_1_53' title='bbox 1073 3012 1200 3091; x_wconf 89' lang='lat' dir='ltr'><strong>ardua</strong></span> <span class='ocrx_word' id='word_1_54' title='bbox 1209 3026 1294 3090; x_wconf 86' lang='lat' dir='ltr'><strong>erat</strong></span> <span class='ocrx_word' id='word_1_55' title='bbox 1308 3008 1504 3089; x_wconf 87' lang='lat' dir='ltr'><strong>disserere</strong></span> <span class='ocrx_word' id='word_1_56' title='bbox 1515 3036 1638 3116; x_wconf 85' lang='lat' dir='ltr'><strong>super</strong></span> 
     </span>
     <span class='ocr_line' id='line_1_14' title="bbox 265 3129 1636 3242; baseline -0.004 -26"><span class='ocrx_word' id='word_1_57' title='bbox 265 3150 502 3242; x_wconf 85' lang='lat' dir='ltr'><strong>argumento</strong></span> <span class='ocrx_word' id='word_1_58' title='bbox 523 3133 574 3212; x_wconf 90' lang='lat' dir='ltr'><strong>de</strong></span> <span class='ocrx_word' id='word_1_59' title='bbox 598 3158 682 3241; x_wconf 93' lang='lat' dir='ltr'><strong>quo</strong></span> <span class='ocrx_word' id='word_1_60' title='bbox 711 3129 926 3210; x_wconf 86' lang='lat' dir='ltr'><strong>doctorum</strong></span> <span class='ocrx_word' id='word_1_61' title='bbox 954 3131 1161 3209; x_wconf 84' lang='lat' dir='ltr'><strong>sententiae</strong></span> <span class='ocrx_word' id='word_1_62' title='bbox 1186 3135 1340 3209; x_wconf 86' lang='lat' dir='ltr'><strong>variant</strong></span> <span class='ocrx_word' id='word_1_63' title='bbox 1361 3150 1402 3211; x_wconf 86' lang='lat' dir='ltr'><strong>et</strong></span> <span class='ocrx_word' id='word_1_64' title='bbox 1431 3131 1543 3239; x_wconf 84' lang='lat' dir='ltr'><strong>cujus</strong></span> <span class='ocrx_word' id='word_1_65' title='bbox 1571 3160 1636 3211; x_wconf 92' lang='lat' dir='ltr'><strong>so-</strong></span> 
     </span>
     <span class='ocr_line' id='line_1_15' title="bbox 264 3250 1638 3363; baseline -0.001 -28"><span class='ocrx_word' id='word_1_66' title='bbox 264 3256 366 3335; x_wconf 91' lang='lat' dir='ltr'><strong>lutio</strong></span> <span class='ocrx_word' id='word_1_67' title='bbox 379 3253 568 3363; x_wconf 85' lang='lat' dir='ltr'><strong>periculis</strong></span> <span class='ocrx_word' id='word_1_68' title='bbox 584 3252 720 3330; x_wconf 88' lang='lat' dir='ltr'><strong>minus</strong></span> <span class='ocrx_word' id='word_1_69' title='bbox 736 3276 859 3360; x_wconf 89' lang='lat' dir='ltr'><strong>quam</strong></span> <span class='ocrx_word' id='word_1_70' title='bbox 873 3251 1084 3329; x_wconf 82' lang='lat' dir='ltr'><strong>ratiocinio</strong></span> <span class='ocrx_word' id='word_1_71' title='bbox 1099 3250 1356 3330; x_wconf 80' lang='lat' dir='ltr'><strong>innitebatur.</strong></span> <span class='ocrx_word' id='word_1_72' title='bbox 1376 3254 1512 3352; x_wconf 76' lang='lat' dir='ltr'><strong>Quare</strong></span> <span class='ocrx_word' id='word_1_73' title='bbox 1527 3282 1638 3335; x_wconf 87' lang='lat' dir='ltr'><strong>vero-</strong></span> 
     </span>
     <span class='ocr_line' id='line_1_16' title="bbox 266 3372 1637 3485; baseline 0 -28"><span class='ocrx_word' id='word_1_74' title='bbox 266 3378 435 3459; x_wconf 86' lang='lat' dir='ltr'><strong>similior</strong></span> <span class='ocrx_word' id='word_1_75' title='bbox 469 3404 552 3456; x_wconf 89' lang='lat' dir='ltr'><strong>non</strong></span> <span class='ocrx_word' id='word_1_76' title='bbox 588 3374 758 3482; x_wconf 88' lang='lat' dir='ltr'><strong>positiva</strong></span> <span class='ocrx_word' id='word_1_77' title='bbox 794 3373 908 3478; x_wconf 89' lang='lat' dir='ltr'><strong>origo</strong></span> <span class='ocrx_word' id='word_1_78' title='bbox 950 3372 1217 3453; x_wconf 85' lang='lat' dir='ltr'><strong>electricitatis</strong></span> <span class='ocrx_word' id='word_1_79' title='bbox 1254 3375 1298 3480; x_wconf 85' lang='lat' dir='ltr'><strong>in</strong></span> <span class='ocrx_word' id='word_1_80' title='bbox 1332 3374 1519 3456; x_wconf 85' lang='lat' dir='ltr'><strong>columna</strong></span> <span class='ocrx_word' id='word_1_81' title='bbox 1556 3379 1637 3485; x_wconf 77' lang='lat' dir='ltr'><strong>gai·</strong></span> 
     </span>
     <span class='ocr_line' id='line_1_17' title="bbox 264 3495 1636 3608; baseline 0.001 -30"><span class='ocrx_word' id='word_1_82' title='bbox 264 3502 402 3579; x_wconf 87' lang='lat' dir='ltr'><strong>vanica</strong></span> <span class='ocrx_word' id='word_1_83' title='bbox 423 3495 693 3607; x_wconf 74' lang='lat' dir='ltr'><strong>quaerebatur,</strong></span> <span class='ocrx_word' id='word_1_84' title='bbox 721 3511 761 3573; x_wconf 89' lang='lat' dir='ltr'><strong>et</strong></span> <span class='ocrx_word' id='word_1_85' title='bbox 786 3496 969 3603; x_wconf 88' lang='lat' dir='ltr'><strong>quamvis</strong></span> <span class='ocrx_word' id='word_1_86' title='bbox 987 3495 1143 3608; x_wconf 86' lang='lat' dir='ltr'><strong>ubique</strong></span> <span class='ocrx_word' id='word_1_87' title='bbox 1160 3496 1272 3575; x_wconf 88' lang='lat' dir='ltr'><strong>unde</strong></span> <span class='ocrx_word' id='word_1_88' title='bbox 1296 3502 1505 3579; x_wconf 82' lang='lat' dir='ltr'><strong>materiam</strong></span> <span class='ocrx_word' id='word_1_89' title='bbox 1524 3499 1636 3606; x_wconf 62' lang='lat' dir='ltr'><strong>illusf</strong></span> 
     </span>
     <span class='ocr_line' id='line_1_18' title="bbox 263 3617 1635 3728; baseline -0.003 -29"><span class='ocrx_word' id='word_1_90' title='bbox 263 3636 388 3700; x_wconf 88' lang='lat' dir='ltr'><strong>traret</strong></span> <span class='ocrx_word' id='word_1_91' title='bbox 406 3618 583 3699; x_wconf 85' lang='lat' dir='ltr'><strong>hauserit</strong></span> <span class='ocrx_word' id='word_1_92' title='bbox 600 3619 792 3726; x_wconf 78' lang='lat' dir='ltr'><strong>scriptor,</strong></span> <span class='ocrx_word' id='word_1_93' title='bbox 812 3645 902 3728; x_wconf 89' lang='lat' dir='ltr'><strong>quae</strong></span> <span class='ocrx_word' id='word_1_94' title='bbox 922 3617 1055 3697; x_wconf 89' lang='lat' dir='ltr'><strong>hausit</strong></span> <span class='ocrx_word' id='word_1_95' title='bbox 1081 3618 1187 3698; x_wconf 87' lang='lat' dir='ltr'><strong>bene</strong></span> <span class='ocrx_word' id='word_1_96' title='bbox 1207 3620 1366 3727; x_wconf 84' lang='lat' dir='ltr'><strong>selegit,</strong></span> <span class='ocrx_word' id='word_1_97' title='bbox 1392 3622 1534 3702; x_wconf 87' lang='lat' dir='ltr'><strong>ordine</strong></span> <span class='ocrx_word' id='word_1_98' title='bbox 1561 3644 1635 3724; x_wconf 93' lang='lat' dir='ltr'><strong>op-</strong></span> 
     </span>
     <span class='ocr_line' id='line_1_19' title="bbox 262 3735 1635 3851; baseline -0.005 -28"><span class='ocrx_word' id='word_1_99' title='bbox 262 3758 347 3823; x_wconf 88' lang='lat' dir='ltr'><strong>tato</strong></span> <span class='ocrx_word' id='word_1_100' title='bbox 366 3740 565 3851; x_wconf 88' lang='lat' dir='ltr'><strong>disposuit</strong></span> <span class='ocrx_word' id='word_1_101' title='bbox 582 3737 793 3819; x_wconf 83' lang='lat' dir='ltr'><strong>etidcirco</strong></span> <span class='ocrx_word' id='word_1_102' title='bbox 810 3740 992 3821; x_wconf 83' lang='lat' dir='ltr'><strong>Facultas</strong></span> <span class='ocrx_word' id='word_1_103' title='bbox 1012 3743 1224 3849; x_wconf 86' lang='lat' dir='ltr'><strong>praemium</strong></span> <span class='ocrx_word' id='word_1_104' title='bbox 1239 3744 1316 3847; x_wconf 87' lang='lat' dir='ltr'><strong>ipsi</strong></span> <span class='ocrx_word' id='word_1_105' title='bbox 1329 3735 1635 3817; x_wconf 85' lang='lat' dir='ltr'><strong>eoncedendum</strong></span> 
     </span>
     <span class='ocr_line' id='line_1_20' title="bbox 261 3862 751 3970; baseline -0.008 -27"><span class='ocrx_word' id='word_1_106' title='bbox 261 3862 463 3970; x_wconf 87' lang='lat' dir='ltr'><strong>judicavit.</strong></span> <span class='ocrx_word' id='word_1_107' title='bbox 502 3865 556 3942; x_wconf 91' lang='lat' dir='ltr'><strong>At</strong></span> <span class='ocrx_word' id='word_1_108' title='bbox 587 3863 621 3941; x_wconf 86' lang='lat' dir='ltr'><strong>is</strong></span> <span class='ocrx_word' id='word_1_109' title='bbox 650 3878 710 3941; x_wconf 89' lang='lat' dir='ltr'><strong>est</strong></span> <span class='ocrx_word' id='word_1_110' title='bbox 741 3890 751 3939; x_wconf 74' lang='grc' dir='ltr'><strong><em>ε</em></strong></span> 
     </span>
    </p>
   </div>
   <div class='ocr_carea' id='block_1_11' title="bbox 240 3996 1634 4632">
    <p class='ocr_par' dir='ltr' id='par_1_11' title="bbox 240 3996 1634 4127">
     <span class='ocr_line' id='line_1_21' title="bbox 240 3996 1634 4127; baseline 0.002 -32"><span class='ocrx_word' id='word_1_111' title='bbox 240 4022 246 4030; x_wconf 86' lang='grc'><strong>’</strong></span> <span class='ocrx_word' id='word_1_112' title='bbox 265 4020 657 4127; x_wconf 75' lang='lat' dir='ltr'><strong>Ioannes-Baptista</strong></span> <span class='ocrx_word' id='word_1_113' title='bbox 677 4018 801 4100; x_wconf 83' lang='lat' dir='ltr'><strong>Motte</strong></span> <span class='ocrx_word' id='word_1_114' title='bbox 819 4046 869 4097; x_wconf 81' lang='lat' dir='ltr'><strong>ea</strong></span> <span class='ocrx_word' id='word_1_115' title='bbox 889 4018 1084 4113; x_wconf 62' lang='lat' dir='ltr'><strong>mesala,</strong></span> <span class='ocrx_word' id='word_1_116' title='bbox 1099 4020 1142 4097; x_wconf 88' lang='lat' dir='ltr'><strong>in</strong></span> <span class='ocrx_word' id='word_1_117' title='bbox 1154 4014 1384 4096; x_wconf 81' lang='lat' dir='ltr'><strong>Academia</strong></span> <span class='ocrx_word' id='word_1_118' title='bbox 1398 3996 1634 4126; x_wconf 68' lang='lat' dir='ltr'><strong>lovaniensi</strong></span> 
     </span>
    </p>

    <p class='ocr_par' dir='ltr' id='par_1_12' title="bbox 268 4141 1634 4632">
     <span class='ocr_line' id='line_1_22' title="bbox 284 4141 1494 4255; baseline -0.001 -34"><span class='ocrx_word' id='word_1_119' title='bbox 284 4242 299 4255; x_wconf 89' lang='lat'><strong>..</strong></span> <span class='ocrx_word' id='word_1_120' title='bbox 816 4142 923 4222; x_wconf 78' lang='lat' dir='ltr'><strong>Med.</strong></span> <span class='ocrx_word' id='word_1_121' title='bbox 948 4141 1058 4223; x_wconf 75' lang='lat' dir='ltr'><strong>stud.</strong></span> <span class='ocrx_word' id='word_1_122' title='bbox 1404 4176 1408 4183; x_wconf 95' lang='lat'><em>·</em></span> <span class='ocrx_word' id='word_1_123' title='bbox 1489 4147 1494 4184; x_wconf 80' lang='lat'><em>²</em></span> 
     </span>
     <span class='ocr_line' id='line_1_23' title="bbox 318 4296 1634 4410; baseline 0.001 -35"><span class='ocrx_word' id='word_1_124' title='bbox 318 4298 638 4403; x_wconf 78' lang='lat' dir='ltr'><strong>Dissertationis,</strong></span> <span class='ocrx_word' id='word_1_125' title='bbox 656 4305 721 4378; x_wconf 89' lang='lat' dir='ltr'><strong>cui</strong></span> <span class='ocrx_word' id='word_1_126' title='bbox 742 4300 1021 4410; x_wconf 83' lang='lat' dir='ltr'><strong>epigraphium</strong></span> <span class='ocrx_word' id='word_1_127' title='bbox 1041 4328 1050 4377; x_wconf 90' lang='lat'>:</span> <span class='ocrx_word' id='word_1_128' title='bbox 1073 4298 1120 4379; x_wconf 81' lang='lat' dir='ltr'><strong>Si</strong></span> <span class='ocrx_word' id='word_1_129' title='bbox 1141 4296 1272 4377; x_wconf 71' lang='lat' dir='ltr'><strong>desint</strong></span> <span class='ocrx_word' id='word_1_130' title='bbox 1292 4298 1396 4378; x_wconf 67' lang='lat' dir='ltr'><strong>utres</strong></span> <span class='ocrx_word' id='word_1_131' title='bbox 1421 4318 1555 4379; x_wconf 84' lang='lat' dir='ltr'><strong>tamen</strong></span> <span class='ocrx_word' id='word_1_132' title='bbox 1576 4316 1634 4377; x_wconf 79' lang='lat' dir='ltr'><strong>est</strong></span> 
     </span>
     <span class='ocr_line' id='line_1_24' title="bbox 268 4417 1631 4533; baseline -0.001 -32"><span class='ocrx_word' id='word_1_133' title='bbox 268 4417 483 4501; x_wconf 79' lang='lat' dir='ltr'><strong>laudanda</strong></span> <span class='ocrx_word' id='word_1_134' title='bbox 503 4420 860 4526; x_wconf 79' lang='lat' dir='ltr'><strong>uoluntas,auct0r</strong></span> <span class='ocrx_word' id='word_1_135' title='bbox 879 4423 1145 4507; x_wconf 88' lang='lat' dir='ltr'><strong>dicendorum</strong></span> <span class='ocrx_word' id='word_1_136' title='bbox 1166 4451 1288 4532; x_wconf 88' lang='lat' dir='ltr'><strong>quam</strong></span> <span class='ocrx_word' id='word_1_137' title='bbox 1309 4424 1520 4504; x_wconf 82' lang='lat' dir='ltr'><strong>maximam</strong></span> <span class='ocrx_word' id='word_1_138' title='bbox 1539 4449 1631 4533; x_wconf 90' lang='lat' dir='ltr'><strong>par·</strong></span> 
     </span>
     <span class='ocr_line' id='line_1_25' title="bbox 1392 4541 1624 4632; baseline 0 -80"><span class='ocrx_word' id='word_1_139' title='bbox 1392 4552 1424 4632; x_wconf 35' lang='grc' dir='ltr'><strong>ἡ.</strong></span> <span class='ocrx_word' id='word_1_140' title='bbox 1619 4541 1624 4552; x_wconf 94' lang='grc'><em>.</em></span> 
     </span>
    </p>
   </div>
   <div class='ocr_carea' id='block_1_12' title="bbox 0 0 2264 5864">
    <p class='ocr_par' dir='ltr' id='par_1_13' title="bbox 0 0 2264 5864">
     <span class='ocr_line' id='line_1_26' title="bbox 0 0 2264 5864; baseline 0 0"><span class='ocrx_word' id='word_1_141' title='bbox 0 0 2264 5864; x_wconf 95' lang='lat' dir='ltr'><strong> </strong></span> 
     </span>
    </p>
   </div>
  </div>
 </body>
</html>
