4517 5867
600 656 647 727 28
861 672 866 681 '
1122 656 1450 727 Pnocnuntnta

652 838 678 919 3
698 834 1002 943 superficierum
1026 838 1237 937 mrcffaeess
1253 838 1281 935 4
1300 836 1530 934 soliditatis;
1545 834 1569 919 5
1583 834 1686 915 radii
1705 833 1882 948 denique
1896 842 1968 918 cir·

654 958 734 1037 culi
756 960 827 1067 qui
851 961 954 1039 cirea
974 958 1177 1065 singulam
1198 959 1374 1068 cujusvis
1395 961 1577 1069 corporis
1597 986 1718 1068 supra
1732 960 1886 1041 inventi
1906 961 1971 1041 he·
1996 969 1999 975 '

651 1080 765 1160 dram
784 1081 1059 1162 circumscribi
1080 1098 1222 1191 potest.

599 1290 634 1373 3.
662 1292 817 1369 Petitur
830 1290 998 1371 historia
1016 1291 1230 1395 naturalis,
1245 1291 1426 1371 technica
1443 1306 1483 1371 et
1502 1288 1680 1371 chemica
1698 1291 1782 1400 opii
1802 1292 1967 1403 opiique

652 1411 1002 1493 succedaneorum.

746 1631 794 1711 Il.
823 1632 972 1711 ORDO
999 1630 1377 1711 PHILOSOPHlAE
1403 1632 1475 1709 ET
1502 1631 1815 1712 LITERARUM
1928 1658 1933 1666 ·

1091 1772 1460 1855 HUMANIORUM

668 1960 772 2041 Cum
790 1960 841 2043 ad
861 1963 962 2042 hanc
983 1965 1249 2073 quaestionem
1267 1991 1374 2047 anno
1399 1964 1532 2073 elapso
1548 1963 1817 2073 propositam,

599 2218 619 2261 e
666 2188 899 2296 Explicetur
912 2193 1012 2270 ratio
1019 2192 1259 2298 progressus,
1275 2220 1409 2303 quem,
1420 2191 1581 2278 fractam
1590 2206 1682 2297 post
1695 2190 1969 2297 Hispanorum

643 2340 669 2383 -s
696 2314 901 2418 septemin
911 2312 1112 2390 foederatis
1122 2312 1247 2417 Belgii
1257 2312 1495 2415 regionibus
1502 2317 1728 2419 potentiam
1736 2314 1966 2421 summique

651 2462 671 2505 s
699 2435 858 2537 imperii
879 2430 1196 2527 abdicationem,
1223 2435 1365 2539 lingua
1381 2432 1521 2512 fecerit
1538 2435 1718 2541 Belgica,
1747 2451 1788 2512 et
1802 2461 1968 2540 prorsus

650 2584 670 2625 ι
699 2554 923 2659 exponatur
935 2580 1050 2631 causa
1058 2554 1233 2660 ejusdcm
1251 2554 1454 2633 idiomtis
1471 2555 1731 2660 negligentia,
1746 2582 1820 2660 per
1833 2572 1968 2633 totum

652 2704 672 2749 o
701 2676 808 2779 regii
824 2676 867 2753 in
881 2674 1037 2781 Belgica
1053 2674 1200 2755 domim
1218 2676 1438 2756 Austriacae
1457 2674 1748 2755 dominationis
1767 2678 1966 2785 spatium,

652 2826 673 2870 s
702 2798 1008 2903 recentissimam
1030 2824 1161 2909 usque
1191 2796 1243 2881 ad
1271 2800 1456 2907 omnium
1480 2794 1693 2902 Belgarum
1719 2798 1867 2878 sociale
1888 2798 1966 2879 sub

583 2914 587 2925 ’
652 2948 673 2989 s
700 2919 895 3022 principis
913 2920 1118 3016 Arausiaci
1134 2920 1295 3027 imperii
1316 2936 1478 3027 pactum
1490 2918 1863 2998 reconciliationem.
1886 2979 1896 2998 .
1918 2950 1967 2997 ..s

599 3120 709 3201 nulla
724 3124 933 3230 responsio
952 3138 1054 3201 esset
1069 3121 1216 3227 adlata,
1235 3151 1325 3203 eam
1341 3126 1385 3203 in
1404 3150 1554 3205 annum
1581 3125 1864 3235 insequentem
1884 3152 1970 3205 rur·

597 3274 665 3326 sus
685 3246 995 3353 proponendam
1005 3247 1255 3325 existimavit.

665 3460 813 3536 Denuo
836 3474 970 3531 autem
986 3457 1053 3529 hic
1072 3456 1188 3527 Urdo
1206 3456 1402 3557 postulat:
1433 3476 1436 3482 '

604 3714 633 3765 1.
663 3686 719 3765 Ut
733 3678 1010 3762 disseraturde
1023 3680 1180 3759 Formis
1193 3704 1326 3757 rernm
1335 3677 1496 3787 publice
1504 3676 1779 3785 gerendarum.
1791 3680 1965 3762 Eruatur

522 3859 525 3865 .
647 3808 842 3887 nimirum
853 3802 990 3885 eximi
1003 3802 1242 3912 antiquitate
1254 3802 1441 3910 primaria
1450 3800 1658 3909 regiminis
1667 3804 1779 3909 origo
1789 3810 1957 3898 etratio,

648 3934 712 4009 vis
729 3947 770 4009 et
788 3956 880 4009 usus
889 3957 908 4024 ;
927 3922 1075 4007 deinde
1096 3922 1190 4033 ejus'
1203 3952 1277 4033 per
1294 3926 1489 4033 temporis
1509 3924 1726 4004 decmsum
1749 3942 1963 4011 mutatam·

648 4082 729 4162 que
747 4055 955 4141 civitatum
970 4048 1152 4131 indolem
1170 4067 1307 4130 coorta
1325 4050 1605 4158 multiplicatio
1619 4066 1661 4127 et
1676 4050 1826 4130 abusus
1843 4078 1858 4125 .·
1875 4064 1963 4128 tum

647 4176 947 4257 demonstretur
965 4177 1174 4255 necessitas
1191 4173 1411 4254 formarum
1433 4200 1601 4253 summae
1620 4200 1758 4251 rerum
1778 4170 1965 4278 gerenda

646 4318 769 4411 atque
791 4318 1035 4381 momentum
1055 4298 1106 4378 ad
1125 4297 1330 4405 publicam
1350 4298 1658 4406 prosperitatem
1681 4296 1874 4375 salutare.
1896 4291 1964 4371 Id-

647 4426 757 4505 circo
779 4442 1061 4513 recenseantur
1082 4439 1122 4501 et
1142 4419 1372 4500 adcuratius
1390 4418 1642 4528 explicentur
1662 4419 1742 4497 laci
1754 4436 1966 4497 auctorum

649 4549 823 4643 classici,
849 4566 931 4627 tam
952 4547 1248 4654 antiquiorum,
1266 4570 1387 4653 quam
1398 4543 1686 4644 recentiorum,
1704 4544 1777 4651 qui
1796 4541 1859 4621 vel
1875 4565 1965 4647 pro
