4517 5867
615 642 666 737 74
980 632 1138 705 mette.
1162 631 1251 702 tao
1275 626 1564 699 SCHOLLAERT

623 836 702 917 fide
721 834 994 944 acquisiverit,
1007 833 1050 913 id
1070 830 1183 943 quod
1199 828 1475 937 presumitur,
1495 824 1625 903 donec
1641 837 1799 901 constet
1815 820 1868 902 de
1886 847 2001 902 con-

625 960 751 1039 trario
772 974 842 1037 nrt
868 954 970 1039 2285
990 974 1033 1035 et
1055 952 1159 1036 2268
1181 948 1279 1031 Cod.
1307 948 1394 1029 Cir.
1414 948 1586 1026 Necesse
1612 945 1751 1053 itaque
1774 960 1859 1043 est,
1872 960 1923 1021 ut
1940 945 2002 1040 is,

624 1084 698 1193 qui
727 1097 912 1159 naturam
939 1078 1046 1156 illius
1073 1071 1333 1184 possessionis
1358 1083 1583 1148 contestare
1608 1063 1807 1167 intendit,
1825 1063 2004 1170 probet,

625 1226 894 1311 possessorem
911 1200 1120 1307 agnovisse
1139 1224 1225 1278 rem
1245 1220 1331 1277 esse
1349 1190 1542 1293 ahenam,
1559 1188 1613 1270 ad
1630 1186 1891 1269 venditorem
1910 1211 2005 1266 non

622 1324 832 1432 pertinere.

676 1550 737 1627 Ex
756 1547 924 1628 adverso
951 1544 1146 1627 naturalis
1166 1544 1367 1652 possessio
1388 1541 1537 1621 dieitur
1556 1567 1625 1642 ea,
1647 1539 1731 1647 qud
1752 1542 1844 1651 quis
1865 1542 2000 1647 possi-

627 1668 697 1747 det
709 1668 862 1776 absque
877 1666 1071 1774 opinione
1083 1663 1252 1744 domiui.
1267 1664 1396 1760 Hanc,
1410 1659 1577 1741 eumvel
1590 1661 1711 1741 titulo
1726 1660 1915 1741 destitute
1928 1662 2004 1757 sit,

626 1789 690 1871 vel
705 1788 825 1868 titulo
843 1788 945 1867 mali
957 1786 1036 1867 lide
1050 1784 1223 1886 infecto,
1240 1786 1304 1865 rel
1323 1784 1442 1865 tinslo
1461 1785 1599 1886 irrito,
1614 1784 1679 1863 vel
1689 1782 1858 1863 tandem
1874 1783 2001 1862 titulo

628 1907 679 1987 ad
707 1907 1032 1988 transferendum
1056 1904 1286 1985 dominium
1305 1904 1475 1985 inhabili
1506 1903 1717 2009 fundetur,
1744 1903 1891 1985 dividit
1916 1907 2002 1982 Po·

627 2056 741 2109 rrusu
757 2030 832 2133 (1),
844 2030 888 2107 in
903 2045 1080 2139 quotuor
1097 2029 1262 2137 speeies
1282 2032 1336 2107 At
1352 2054 1452 2108 vero
1478 2054 1573 2107 cum
1591 2026 1730 2107 Codex
1750 2026 2002 2121 hodiernus,

630 2148 866 2231 definitione
875 2168 916 2229 et
925 2150 1124 2231 divisione
1135 2152 1399 2257 possessionis
1406 2149 1511 2253 dau,
1518 2149 1761 2229 determinet
1768 2151 1890 2227 insrt
1897 2145 2005 2225 2262

629 2288 670 2351 et
703 2272 806 2355 2265
832 2289 1016 2381 tempus,
1039 2298 1114 2379 per
1135 2272 1248 2381 quod
1269 2275 1302 2351 si
1326 2270 1622 2379 possideamus,
1653 2272 1886 2351 dominium
1907 2294 2008 2375 pree

630 2392 1024 2491 scribimus,etiamsi
1038 2392 1197 2471 nullum
1210 2392 1374 2469 titulum
1388 2391 2008 2485 habeamus5inutiliterbicdis-

631 2532 857 2595 cuteremus
872 2514 1046 2593 diverses
1057 2511 1147 2589 illes
1153 2510 1416 2616 possessionis
1427 2509 1620 2587 naturalis
1634 2511 1805 2612 species,
1820 2538 1872 2587 eo
1888 2510 2007 2616 quod

630 2658 681 2719 ex.
703 2648 913 2739 systemate
943 2632 1047 2709 eirca
1077 2630 1421 2736 praescriptionem
1452 2656 1475 2708 n
1500 2626 1652 2707 Codice
1676 2625 1868 2735 adoptato
1899 2628 2003 2707 doe·

629 2756 735 2835 trinu
749 2754 875 2861 ipsius
890 2752 1054 2857 Pothier
1074 2751 1487 2858 rsonpossjtamplius
1503 2749 1555 2830 ad
1570 2752 1644 2830 Jus
1660 2750 1919 2831 Hodiernum
1935 2776 2003 2859 ap-

631 2876 793 2982 plicaro.
814 2864 1085 2945 Observatum
1104 2880 1240 2943 tamen
1257 2863 1367 2963 vilo,
1390 2894 1478 2949 non
1493 2874 1681 2971 exiguam
1701 2875 1808 2951 iuter
1826 2875 2006 2975 speciem

633 2991 896 3103 possessionis
915 2986 1037 3066 titulo
1059 2986 1110 3065 ad
1130 2983 1453 3063 transferendum
1472 2983 1701 3064 dominium
1719 2986 1889 3068 inhabili
1908 2988 2005 3069 fun-

543 3136 547 3145 ’
636 3115 737 3195 datae
757 3128 798 3192 et
827 3111 924 3191 alias
948 3108 1212 3218 possessionis
1235 3104 1449 3209 naturalis,
1479 3132 1581 3216 ques
1602 3110 1797 3215 proponit
1814 3108 2006 3211 Pothier,

636 3239 787 3347 species
797 3234 983 3314 exsistere
995 3230 1284 3325 differentiam
1295 3228 1449 3309 scilicet
1466 3229 1665 3335 possessio
1685 3230 1897 3331 naturalis,
1912 3261 2005 3344 quae

637 3359 757 3441 titulo
767 3356 816 3438 ad
828 3352 1152 3437 transferendum
1161 3351 1391 3433 dominium
1403 3350 1574 3431 inhabili
1584 3350 2006 3466 fundetur,qualisest

638 3482 837 3588 possessio
855 3482 1047 3587 precaria,
1073 3504 1296 3587 numquam
1318 3493 1453 3585 potest
1474 3476 1526 3556 ad
1547 3478 1894 3585 prescriptionem
1919 3480 2002 3560 suf·

640 3600 779 3696 heere,
799 3626 847 3676 eo
872 3602 985 3707 quod
1009 3628 1235 3707 possessor,
1255 3628 1347 3679 cum
1374 3626 1460 3681 non
1479 3600 1609 3708 possit
1627 3598 1717 3709 sibi
1731 3602 1818 3708 ipse
1844 3618 1998 3680 mutare

640 3748 799 3805 causam
814 3748 897 3803 sues
916 3724 1200 3831 possessionis,
1213 3723 1274 3801 uti
1292 3724 1335 3801 in
1352 3722 1471 3802 tertii
1486 3725 1664 3804 sectione
1677 3722 1921 3823 videbimus,
1934 3725 1998 3802 vi·

641 3848 762 3929 detur
780 3872 938 3956 semper
963 3846 1108 3927 eodem
1137 3847 1255 3927 titulo
1283 3864 1323 3928 et
1346 3847 1518 3956 proinde
1537 3846 1654 3927 titulo
1675 3844 1727 3923 ad
1752 3844 1999 3925 transferen-

642 3973 740 4053 dum
759 3970 988 4051 dominium
1001 3969 1172 4050 inhabili
1187 3970 1403 4077 possidere
1419 3975 1471 4051 At
1487 3998 1582 4050 vero
1603 3966 1910 4079 qualiscumque
1925 3968 2002 4047 elia

641 4097 903 4203 possessionis
914 4092 1105 4175 naturalis
1118 4094 1424 4203 speeiessufficit
1436 4094 1487 4176 ad
1502 4092 1845 4203 praescriptionem
1865 4091 1917 4173 30
1937 4118 2003 4170 an·

643 4246 808 4318 uorum;
822 4240 1027 4327 possessor
1046 4219 1176 4323 enim,
1194 4222 1266 4326 qui
1279 4218 1399 4299 titulo
1418 4216 1634 4301 destitutus
1647 4232 1728 4316 ost,
1741 4214 1805 4298 rel
1821 4216 1894 4326 qui
1911 4214 2003 4329 qui·

521 4546 525 4555 ,
689 4464 1368 4570 (1)rratssseuesssessr.10-14.
1421 4456 1426 4465 ’
