4517 5867
643 668 888 740 responso
912 668 976 737 tn
999 670 1170 758 ansr.
1195 672 1342 743 sumn.
1622 673 1669 771 93

307 868 357 945 de
375 882 464 951 tont
480 884 570 948 oete
588 867 638 947 de
648 866 867 977 possession
885 868 1079 947 noturelle
1092 887 1265 978 emporte
1277 869 1614 949 discontinuotion
1627 871 1676 951 de

299 993 518 1097 possession
536 992 664 1083 civile,
687 1007 728 1069 et
744 1018 838 1069 sans
854 988 973 1069 doute
989 1017 1039 1070 en
1051 995 1288 1099 oppre'oiont
1301 994 1356 1072 les
1367 994 1671 1101 presomptions,

306 1115 380 1219 qni
389 1131 565 1220 pensent
583 1115 697 1192 avoir
713 1114 792 1191 lton
809 1141 858 1191 en
878 1111 1175 1205 conmanere,
1194 1113 1227 1191 il
1242 1111 1328 1191 doit
1344 1142 1385 1193 se
1400 1130 1574 1193 montier
1582 1114 1677 1221 plus

306 1231 483 1338 dtffict'k,
514 1236 691 1343 lorsqn'il
708 1235 826 1341 s'ogit
849 1234 916 1313 des
939 1232 1060 1313 droits
1087 1235 1343 1341 incorporeis,
1361 1235 1482 1340 qn’on
1507 1235 1579 1311 n’a
1596 1264 1678 1341 pos

313 1354 525 1435 l'ooeasron
554 1356 754 1435 d’esereer
771 1373 955 1449 souvent,
985 1384 1061 1464 que
1089 1356 1267 1464 lorsqn'il
1296 1372 1355 1434 est
1379 1357 1556 1464 question
1582 1352 1680 1434 d'nn

305 1476 412 1580 objet
428 1503 496 1554 sur
517 1476 649 1584 lequel
671 1504 724 1554 on
739 1480 964 1585 peutsnire
986 1478 1036 1555 de
1045 1480 1242 1586 sre'quens
1262 1496 1370 1556 notes
1393 1477 1444 1556 de
1456 1478 1679 1585 possession

305 1600 518 1679 eetenenrs
537 1616 577 1677 et
598 1600 760 1679 oetnels.
786 1599 834 1679 Id
858 1599 971 1708 quod
990 1627 1114 1709 quarn
1139 1602 1314 1679 maxime
1336 1598 1548 1679 fundatum
1567 1597 1675 1678 erbi-

303 1734 467 1800 tremus.

357 1948 400 2027 Si
415 1974 514 2028 vero
528 1948 693 2027 actrralis
711 1972 917 2054 possessor
936 1947 1105 2055 probet,
1122 1940 1164 2026 se
1180 1963 1222 2026 et
1232 1948 1355 2027 hodie
1372 1964 1414 2026 et
1426 1948 1525 2026 olim
1538 1974 1675 2053 posse·

308 2068 437 2165 disse,
456 2085 723 2175 praesumetur
738 2094 813 2173 per
824 2084 959 2145 totum
973 2070 1169 2173 temporis
1182 2069 1437 2148 intervallum
1455 2067 1678 2175 possedisse
1807 2052 1813 2061 ’
1899 2051 1902 2058 ’

310 2206 380 2267 art.
400 2189 505 2283 2234
529 2188 628 2268 Cod.
648 2189 754 2283 civ.;
776 2186 958 2293 probetis
982 2190 1092 2266 enim
1114 2191 1304 2267 extremis
1321 2192 1574 2294 praesumitur
1592 2216 1678 2267 me-

308 2307 445 2408 dium,
466 2310 562 2410 nisi,
582 2326 629 2387 ut
649 2309 772 2387 habet
790 2316 912 2389 etiam
931 2307 968 2386 d.
987 2324 1074 2407 art,
1097 2325 1253 2389 constet
1270 2309 1321 2389 de
1340 2310 1565 2411 contrario,
1584 2312 1687 2407 sans

312 2431 355 2511 lo
366 2458 513 2538 preesse
525 2433 740 2531 contraire,
753 2458 789 2510 v.
801 2457 836 2535 g.
852 2431 886 2508 si
902 2431 995 2540 quis
1012 2429 1181 2537 probet,
1192 2429 1304 2541 quod
1315 2457 1557 2539 perannum
1575 2431 1679 2509 inte·

307 2580 425 2659 grum
446 2551 567 2632 suerit
583 2553 835 2657 possessione
856 2553 927 2631 sus
945 2554 1126 2659 privatus
1148 2570 1221 2631 art.
1240 2551 1463 2648 22430011.
1485 2553 1587 2648 civ„
1605 2579 1678 2630 seu

308 2664 423 2784 qnod
441 2674 636 2781 possessio
659 2673 744 2781 ejus
757 2674 835 2753 elio
855 2676 975 2755 etiem
993 2676 1139 2781 modo,
1155 2694 1203 2755 ut
1221 2702 1271 2755 ex
1286 2674 1478 2771 2112244
1493 2672 1557 2752 vel
1576 2671 1681 2769 2248

314 2794 414 2872 Cod.
441 2796 549 2892 cie,
578 2793 701 2872 fuerit
727 2796 962 2898 interrupta.
989 2798 1064 2864 His
1090 2800 1136 2864 in
1159 2797 1315 2864 casibus
1334 2823 1421 2863 non
1438 2794 1683 2895 intelligetur

310 2914 539 3019 possedisse
559 2942 632 3013 per
649 2916 845 3011 temporis
863 2906 1139 3000 intervallum
1164 2923 1205 2984 at
1226 2906 1320 2987 alias
1345 2905 1564 2987 dicendum
1588 2928 1678 2991 est:
1735 3014 1738 3019 Ι

311 3030 493 3141 probatis
512 3029 703 3111 extremis
723 3028 978 3139 presumitur
1000 3025 1217 3134 medium(
1243 3028 1269 3133 ).
1293 3102 1296 3110 ,
1724 3039 1728 3045 “

365 3258 603 3337 Retinemus
623 3256 760 3365 itaque
780 3256 1075 3362 possessionem
1093 3256 1181 3337 solo
1200 3257 1358 3354 animo,
1379 3283 1503 3364 quem
1525 3282 1679 3334 conser-

313 3406 406 3462 vare
422 3406 646 3479 censemur,
659 3378 788 3459 donec
804 3381 847 3457 in
862 3381 1109 3457 contrarium
1118 3381 1222 3460 itum
1232 3380 1293 3457 sit.
1304 3380 1410 3484 Hine
1425 3403 1509 3455 non
1519 3378 1680 3476 mirum,

314 3501 426 3611 quod
454 3530 503 3582 ex
527 3518 597 3580 ert.
621 3500 725 3583 2228
750 3527 834 3579 non
862 3490 994 3580 solum
1023 3503 1319 3611 possessionem
1342 3499 1583 3576 retineamus
1605 3526 1680 3605 per

315 3638 475 3703 nosmet
483 3624 607 3728 ipsos,
617 3620 687 3701 sed
697 3637 820 3727 etper
829 3618 997 3723 alios‚ut
1006 3648 1079 3727 per
1087 3622 1292 3722 colonum,
1300 3619 1681 3726 deposiuriumete.‚

315 3744 407 3852 qui,
429 3742 512 3820 sive
538 3768 611 3847 per
633 3770 676 3822 se
693 3743 803 3849 ipsos
820 3770 908 3821 rem
931 3741 1133 3839 detinent,
1145 3743 1229 3822 sive
1248 3766 1324 3847 per
1342 3740 1463 3842 alios,
1481 3742 1554 3851 qui
1572 3742 1681 3849 ipsos

315 3864 406 3942 loco
439 3860 594 3941 domini
622 3861 795 3959 hebent,
821 3862 942 3942 nobis
970 3878 1211 3941 conservent
1238 3862 1555 3967 possessionem,
1581 3864 1683 3970 quin

318 3986 459 4087 etiam,
476 3984 570 4065 lieet
586 4010 722 4063 secum
736 4000 1075 4084 statuerent,non
1093 3983 1215 4062 nobis
1235 3980 1307 4061 sed
1326 3982 1404 4062 sibi
1418 3985 1516 4091 ipsis
1528 3984 1573 4063 in
1589 4009 1682 4090 pos·

217 4115 231 4143 ²
318 4119 451 4186 terum
475 4104 700 4210 possidere,
724 4128 808 4181 non
835 4106 970 4183 minus
993 4106 1287 4210 possessionem
1310 4121 1489 4185 nostram
1513 4128 1587 4209 per
1613 4129 1683 4182 eos

322 4250 464 4309 sumus
478 4224 695 4326 retenturi,
714 4224 833 4355 quie,
853 4239 900 4301 ut
918 4221 1115 4329 vidimus,
1135 4251 1220 4305 non
1236 4243 1408 4334 possunt
1423 4224 1501 4305 sibi
1522 4239 1681 4303 mutere

368 4514 416 4601 (ι)
439 4514 652 4592 Miserum,
666 4526 722 4578 ert.
742 4512 826 4578 2228
844 4510 890 4579 du
905 4510 995 4578 Code
1011 4512 1104 4579 tivit.
