4517 5867
259 678 1622 733 mmmmm-mmmmm

625 954 849 1061 CAPUT
885 952 1253 1085 QUARTUM.

527 1288 788 1429 Quomodo
822 1290 1074 1391 omittatur
1097 1288 1338 1427 possesne
1351 1298 1376 1385 ?

307 1630 412 1713 Cum
429 1633 627 1741 possessio
646 1621 695 1715 en
708 1653 799 1715 ante
814 1636 932 1716 dictis
945 1633 1030 1715 solo
1043 1635 1178 1712 animo
1196 1635 1556 1739 retineatur,patet
1570 1634 1622 1712 ad

254 1782 343 1835 eam
364 1755 625 1836 amittendam
639 1756 747 1837 houd
764 1758 966 1861 sufficere,
978 1783 1053 1836 nos
1063 1782 1152 1835 rem
1164 1752 1430 1863 corporaliter
1444 1752 1625 1835 detinere
1725 1831 1728 1837 .

253 1876 447 1978 desinere,
457 1882 490 1961 si
500 1878 602 1961 illud
610 1883 746 1961 animo
756 1877 1067 1995 derelinquepdi
1076 1879 1371 1987 possessionem
1379 1876 1626 1979 noufiaoaut

253 2001 287 2078 si
306 2028 356 2079 ex
375 2004 422 2083 ei
441 2003 584 2113 dejecti
603 2032 687 2084 non
707 2006 853 2089 simus:
875 2022 915 2083 et
932 2003 1009 2081 hoc
1029 2030 1152 2082 sensu
1168 2000 1267 2081 dicit
1275 2001 1404 2081 Jctus
1421 2002 1466 2079 in
1483 2002 1525 2075 L.
1541 2000 1567 2077 8
1581 1997 1622 2073 ff.

252 2118 291 2193 h.
309 2112 714 2220 t:quemedmodum
727 2112 836 2191 nulla
851 2115 1048 2220 possessio
1063 2114 1219 2223 acquiri
1237 2114 1315 2191 nisi
1334 2114 1472 2195 animo
1487 2134 1530 2195 et
1537 2144 1627 2197 cor-

254 2262 354 2340 pore
375 2249 529 2341 potest,
548 2236 603 2314 ita
616 2229 726 2312 nulla
738 2236 951 2335 mittitur,
969 2236 1046 2313 nisi
1068 2237 1112 2313 in
1130 2235 1213 2343 qui
1225 2252 1447 2344 utrumque
1466 2239 1509 2315 in
1527 2266 1625 2318 eon·

254 2358 424 2437 tranium
447 2373 579 2447 actum
601 2375 680 2452 est;
698 2384 841 2438 verum
859 2374 995 2435 autem
1022 2357 1139 2437 sicuti
1158 2360 1355 2465 possessio
1382 2359 1468 2437 solo
1489 2363 1624 2439 animo
1786 2456 1788 2460 ‚

251 2479 473 2581 retinetur,
493 2482 547 2573 ito
573 2482 695 2559 etiem
718 2479 805 2560 solo
827 2481 965 2559 animo
990 2482 1119 2559 amitti
1143 2498 1296 2587 potest,
1321 2508 1417 2559 nem
1438 2484 1481 2560 in
1506 2482 1625 2561 amit·
1688 2515 1690 2520 ·

255 2598 378 2679 tendo
398 2602 648 2705 possessione
679 2600 837 2679 affectio
867 2600 996 2697 illius,
1021 2604 1093 2708 qui
1112 2601 1317 2709 possidet,
1337 2604 1532 2683 intuenda
1555 2620 1623 2683 est.
1685 2627 1687 2630 ·

221 2760 228 2771 ·
255 2720 514 2826 Quapropter
543 2721 577 2797 si
608 2721 807 2797 infundo
836 2724 889 2817 sis
919 2740 960 2801 et
993 2738 1128 2809 tumen
1147 2725 1252 2803 nolis
1274 2752 1368 2798 eum
1395 2724 1627 2824 possidere,

255 2842 441 2948 protinus
459 2840 606 2917 amittis
617 2840 909 2945 possessionem
920 2842 963 2914 L.
983 2837 1149 2939 3,§6ss:
1169 2839 1245 2916 hs„
1264 2837 1499 2916 Nee'obstat
1514 2840 1625 2938 huic,

257 2960 370 3070 quod
400 2988 449 3041 ex
474 2960 577 3041 d.'L.
603 2958 873 3042 8'dixerimus
895 2986 905 3037 ε
927 2956 1272 3067 quemadmodum
1294 2956 1404 3036 nulla
1427 2962 1632 3064 possessio·

257 3080 419 3188 adquiri
441 3084 519 3160 nisi
540 3084 674 3159 animo
696 3100 736 3159 et
757 3108 926 3188 corpore
946 3096 1100 3189 potest,
1121 3080 1178 3159 ita
1198 3079 1310 3159 nulla
1327 3079 1526 3159 amittitur
1550 3082 1627 3161 nisi

256 3201 301 3277 in
321 3202 401 3307 qui
421 3218 641 3309 utrumque
660 3202 704 3279 in
723 3204 970 3281 contrarium
992 3218 1126 3279 actum
1146 3219 1222 3298 est;
1238 3204 1433 3313 quoniam
1445 3202 1524 3279 hoc
1541 3227 1627 3279 non

243 3321 336 3400 ,alio
356 3348 476 3403 sensu
495 3321 664 3420 dicitur,
690 3350 811 3433 quam
836 3323 951 3432 quod
965 3324 1085 3402 sicuti
1104 3351 1226 3403 nemo
1246 3323 1540 3431 possessionem
1560 3348 1625 3397 ae-

170 3514 174 3520 .
223 3516 227 3523 ,
258 3444 395 3552 quirat
418 3472 491 3552 per
514 3444 640 3525 solam
658 3446 969 3553 ingressionem,
988 3446 1066 3525 nisi
1086 3445 1231 3525 habeat
1252 3446 1439 3525 animum
1458 3469 1548 3520 eam
1566 3467 1629 3519 ac·
1657 3452 1662 3460 '

260 3566 478 3675 quirendi,
503 3569 559 3647 ita
592 3572 715 3648 etiam
746 3596 867 3648 nemo
892 3570 1185 3677 possessionem
1215 3568 1372 3646 amittat
1402 3589 1476 3671 per
1504 3562 1630 3641 solam

260 3690 551 3795 egressionem,
572 3692 649 3770 nisi
666 3690 811 3771 habeat
830 3692 1011 3770 animum
1023 3717 1110 3768 eam
1120 3686 1343 3769 deserendi.
1357 3684 1547 3802 Retentio
1566 3686 1631 3763 ita·

262 3831 342 3915 que
370 3828 411 3890 et
439 3812 599 3919 emissio
631 3813 894 3921 possessionis
926 3809 1121 3891 differunt
1151 3810 1203 3888 ab
1229 3808 1315 3917 ejus
1345 3807 1630 3917 acquisitione,

139 3946 142 3953 ’
218 3924 226 3944 ’
267 3926 380 4032 quod
396 3926 479 4004 haec
504 3962 589 4013 non
615 3936 694 4014 nisi
717 3936 853 4014 animo
879 3948 919 4012 et
938 3958 1128 4040 corpore,
1149 3931 1228 4011 illae
1247 3932 1382 4010 animo
1408 3932 1528 4009 etiam
1546 3925 1630 4007 solo

270 4046 500 4153 contingere
521 4060 687 4152 possins.
717 4058 891 4123 Amissio
907 4054 989 4151 jam
1016 4072 1113 4125 vero
1135 4049 1397 4153 possessionis
1415 4050 1553 4133 differt
1580 4047 1630 4121 ab

267 4166 351 4275 ejus
367 4168 632 4275 ecquisitione
656 4180 697 4243 et
722 4166 1098 4275 retentione,‘quod
1119 4168 1181 4249 hae
1203 4199 1289 4251 non
1311 4174 1388 4252 nisi
1412 4174 1529 4253 nobis
1554 4189 1627 4241 VO·

267 4286 459 4385 lentibus,
476 4286 544 4365 illa
566 4284 684 4365 nobis
695 4287 826 4394 ¹etium
844 4286 980 4365 invitis
1004 4286 1206 4396 obtineat,
1230 4311 1278 4373 ut
1296 4322 1344 4374 ex
1363 4282 1626 4393 sequentibus

270 4406 432 4517 patebit.
