<?xml version="1.0" encoding="UTF-8"?>
<!DOCTYPE html PUBLIC "-//W3C//DTD XHTML 1.0 Transitional//EN"
    "http://www.w3.org/TR/xhtml1/DTD/xhtml1-transitional.dtd">
<html xmlns="http://www.w3.org/1999/xhtml" xml:lang="en" lang="en">
 <head>
  <title>
</title>
<meta http-equiv="Content-Type" content="text/html;charset=utf-8" />
  <meta name='ocr-system' content='tesseract 3.04.00' />
  <meta name='ocr-capabilities' content='ocr_page ocr_carea ocr_par ocr_line ocrx_word'/>
</head>
<body>
  <div class='ocr_page' id='page_1' title='image "annalesacademia01goog_0184.png"; bbox 0 0 4517 5867; ppageno 0'>
   <div class='ocr_carea' id='block_1_1' title="bbox 620 578 1657 686">
    <p class='ocr_par' dir='ltr' id='par_1_1' title="bbox 620 578 1657 686">
     <span class='ocr_line' id='line_1_1' title="bbox 620 578 1657 686; baseline -0.017 -12"><span class='ocrx_word' id='word_1_1' title='bbox 620 601 666 686; x_wconf 65' lang='lat' dir='ltr'>ab</span> <span class='ocrx_word' id='word_1_2' title='bbox 965 578 1116 664; x_wconf 71' lang='lat' dir='ltr'>eum</span> <span class='ocrx_word' id='word_1_3' title='bbox 1138 587 1234 658; x_wconf 60' lang='lat'>10&amp;</span> <span class='ocrx_word' id='word_1_4' title='bbox 1258 582 1364 655; x_wconf 76' lang='lat' dir='ltr'>VAN</span> <span class='ocrx_word' id='word_1_5' title='bbox 1386 579 1487 656; x_wconf 67' lang='grc' dir='ltr'>ΗΕΒ</span> <span class='ocrx_word' id='word_1_6' title='bbox 1508 579 1611 654; x_wconf 70' lang='lat' dir='ltr'>Tol(</span> <span class='ocrx_word' id='word_1_7' title='bbox 1655 649 1657 656; x_wconf 93' lang='lat'><em>.</em></span> 
     </span>
    </p>
   </div>
   <div class='ocr_carea' id='block_1_2' title="bbox 556 751 2122 1716">
    <p class='ocr_par' dir='ltr' id='par_1_2' title="bbox 556 751 2122 1716">
     <span class='ocr_line' id='line_1_2' title="bbox 616 751 2122 882; baseline -0.017 -26"><span class='ocrx_word' id='word_1_8' title='bbox 616 774 848 882; x_wconf 74' lang='lat' dir='ltr'>contingere</span> <span class='ocrx_word' id='word_1_9' title='bbox 875 769 1003 878; x_wconf 80' lang='lat' dir='ltr'><strong>possit</strong></span> <span class='ocrx_word' id='word_1_10' title='bbox 1035 763 1253 848; x_wconf 84' lang='lat' dir='ltr'>moderatis</span> <span class='ocrx_word' id='word_1_11' title='bbox 1286 757 1568 866; x_wconf 83' lang='lat' dir='ltr'>viridibusque</span> <span class='ocrx_word' id='word_1_12' title='bbox 1594 756 1791 860; x_wconf 82' lang='lat' dir='ltr'>senibus,</span> <span class='ocrx_word' id='word_1_13' title='bbox 1821 758 1866 834; x_wconf 91' lang='lat' dir='ltr'>si·</span> <span class='ocrx_word' id='word_1_14' title='bbox 1887 751 1975 834; x_wconf 86' lang='lat' dir='ltr'>aliis&#39;</span> <span class='ocrx_word' id='word_1_15' title='bbox 2119 797 2122 806; x_wconf 74' lang='lat'>,</span> 
     </span>
     <span class='ocr_line' id='line_1_3' title="bbox 618 874 1977 984; baseline -0.015 -11"><span class='ocrx_word' id='word_1_16' title='bbox 618 893 864 975; x_wconf 85' lang='lat' dir='ltr'>eontrarium</span> <span class='ocrx_word' id='word_1_17' title='bbox 892 887 1072 984; x_wconf 86' lang='lat' dir='ltr'>eveniat,</span> <span class='ocrx_word' id='word_1_18' title='bbox 1099 883 1202 964; x_wconf 91' lang='lat' dir='ltr'>illud</span> <span class='ocrx_word' id='word_1_19' title='bbox 1230 907 1316 960; x_wconf 93' lang='lat' dir='ltr'>non</span> <span class='ocrx_word' id='word_1_20' title='bbox 1340 879 1571 960; x_wconf 81' lang='lat' dir='ltr'>vitiumest</span> <span class='ocrx_word' id='word_1_21' title='bbox 1596 881 1720 958; x_wconf 72' lang='lat' dir='ltr'>utatis</span> <span class='ocrx_word' id='word_1_22' title='bbox 1746 874 1817 958; x_wconf 85' lang='lat' dir='ltr'>sed</span> <span class='ocrx_word' id='word_1_23' title='bbox 1842 877 1977 983; x_wconf 87' lang='lat' dir='ltr'>potius</span> 
     </span>
     <span class='ocr_line' id='line_1_4' title="bbox 620 992 2060 1118; baseline -0.014 -24"><span class='ocrx_word' id='word_1_24' title='bbox 620 1037 804 1107; x_wconf 86' lang='lat' dir='ltr'>morum,</span> <span class='ocrx_word' id='word_1_25' title='bbox 829 1008 980 1118; x_wconf 84' lang='lat' dir='ltr'>quibus</span> <span class='ocrx_word' id='word_1_26' title='bbox 1002 1003 1183 1112; x_wconf 84' lang='lat' dir='ltr'>corrupti</span> <span class='ocrx_word' id='word_1_27' title='bbox 1207 998 1318 1081; x_wconf 86' lang='lat' dir='ltr'>baud</span> <span class='ocrx_word' id='word_1_28' title='bbox 1339 1024 1483 1107; x_wconf 76' lang='lat' dir='ltr'>perum</span> <span class='ocrx_word' id='word_1_29' title='bbox 1507 1021 1621 1076; x_wconf 90' lang='lat' dir='ltr'>suam</span> <span class='ocrx_word' id='word_1_30' title='bbox 1649 993 1726 1101; x_wconf 87' lang='lat' dir='ltr'>ipsi</span> <span class='ocrx_word' id='word_1_31' title='bbox 1753 992 1979 1102; x_wconf 82' lang='lat' dir='ltr'>tranquilli·</span> <span class='ocrx_word' id='word_1_32' title='bbox 2057 1067 2060 1074; x_wconf 84' lang='lat'><strong>.</strong></span> 
     </span>
     <span class='ocr_line' id='line_1_5' title="bbox 619 1113 1981 1214; baseline -0.016 -2"><span class='ocrx_word' id='word_1_33' title='bbox 619 1149 743 1214; x_wconf 87' lang='lat' dir='ltr'>tatem</span> <span class='ocrx_word' id='word_1_34' title='bbox 767 1129 951 1208; x_wconf 87' lang='lat' dir='ltr'>homines</span> <span class='ocrx_word' id='word_1_35' title='bbox 976 1128 1021 1206; x_wconf 93' lang='lat' dir='ltr'>in</span> <span class='ocrx_word' id='word_1_36' title='bbox 1046 1125 1208 1206; x_wconf 88' lang='lat' dir='ltr'>irritum</span> <span class='ocrx_word' id='word_1_37' title='bbox 1235 1136 1409 1202; x_wconf 80' lang='lat' dir='ltr'>vertunt</span> <span class='ocrx_word' id='word_1_38' title='bbox 1428 1113 1539 1198; x_wconf 76' lang='lat' dir='ltr'>«sed</span> <span class='ocrx_word' id='word_1_39' title='bbox 1559 1115 1742 1200; x_wconf 74' lang='lat' dir='ltr'>oninium</span> <span class='ocrx_word' id='word_1_40' title='bbox 1755 1113 1981 1192; x_wconf 76' lang='lat' dir='ltr'>istiusmodi</span> 
     </span>
     <span class='ocr_line' id='line_1_6' title="bbox 619 1231 1982 1362; baseline -0.015 -30"><span class='ocrx_word' id='word_1_41' title='bbox 619 1249 877 1362; x_wconf 74' lang='lat' dir='ltr'>querelarum</span> <span class='ocrx_word' id='word_1_42' title='bbox 903 1251 947 1328; x_wconf 94' lang='lat' dir='ltr'>in</span> <span class='ocrx_word' id='word_1_43' title='bbox 974 1245 1159 1327; x_wconf 85' lang='lat' dir='ltr'>moribus</span> <span class='ocrx_word' id='word_1_44' title='bbox 1187 1261 1247 1324; x_wconf 88' lang='lat' dir='ltr'>est</span> <span class='ocrx_word' id='word_1_45' title='bbox 1273 1241 1413 1350; x_wconf 76' lang='lat' dir='ltr'>eulpa,</span> <span class='ocrx_word' id='word_1_46' title='bbox 1436 1265 1523 1321; x_wconf 92' lang='lat' dir='ltr'>non</span> <span class='ocrx_word' id='word_1_47' title='bbox 1549 1238 1594 1316; x_wconf 94' lang='lat' dir='ltr'>in</span> <span class='ocrx_word' id='word_1_48' title='bbox 1619 1251 1732 1318; x_wconf 79' lang='lat' dir='ltr'>etate</span> <span class='ocrx_word' id='word_1_49' title='bbox 1752 1261 1762 1312; x_wconf 76' lang='grc' dir='ltr'><strong>ε</strong></span> <span class='ocrx_word' id='word_1_50' title='bbox 1782 1231 1982 1338; x_wconf 84' lang='lat' dir='ltr'>moderati</span> 
     </span>
     <span class='ocr_line' id='line_1_7' title="bbox 556 1355 1985 1468; baseline -0.014 -17"><span class='ocrx_word' id='word_1_51' title='bbox 556 1416 560 1424; x_wconf 65' lang='lat'>=</span> <span class='ocrx_word' id='word_1_52' title='bbox 620 1371 730 1450; x_wconf 88' lang='lat' dir='ltr'>enirn</span> <span class='ocrx_word' id='word_1_53' title='bbox 750 1386 794 1450; x_wconf 91' lang='lat' dir='ltr'>et</span> <span class='ocrx_word' id='word_1_54' title='bbox 810 1395 886 1450; x_wconf 87' lang='lat' dir='ltr'>nee</span> <span class='ocrx_word' id='word_1_55' title='bbox 903 1367 1105 1468; x_wconf 86' lang='lat' dir='ltr'>difficiles,</span> <span class='ocrx_word' id='word_1_56' title='bbox 1121 1392 1198 1446; x_wconf 90' lang='lat' dir='ltr'>nec</span> <span class='ocrx_word' id='word_1_57' title='bbox 1220 1364 1433 1444; x_wconf 86' lang='lat' dir='ltr'>inhumani</span> <span class='ocrx_word' id='word_1_58' title='bbox 1455 1387 1570 1444; x_wconf 86' lang='lat' dir='ltr'>senes</span> <span class='ocrx_word' id='word_1_59' title='bbox 1589 1355 1844 1440; x_wconf 79' lang='lat' dir='ltr'>tolerabilem</span> <span class='ocrx_word' id='word_1_60' title='bbox 1863 1369 1985 1460; x_wconf 83' lang='lat' dir='ltr'>agunt</span> 
     </span>
     <span class='ocr_line' id='line_1_8' title="bbox 624 1475 1985 1596; baseline -0.012 -26"><span class='ocrx_word' id='word_1_61' title='bbox 624 1506 895 1584; x_wconf 70' lang='lat' dir='ltr'>senectutem</span> <span class='ocrx_word' id='word_1_62' title='bbox 918 1487 1202 1596; x_wconf 76' lang='lat' dir='ltr'>importunitas</span> <span class='ocrx_word' id='word_1_63' title='bbox 1225 1503 1361 1568; x_wconf 80' lang='lat' dir='ltr'>autem</span> <span class='ocrx_word' id='word_1_64' title='bbox 1387 1499 1430 1568; x_wconf 83' lang='lat' dir='ltr'>et</span> <span class='ocrx_word' id='word_1_65' title='bbox 1450 1481 1720 1564; x_wconf 78' lang='lat' dir='ltr'>inhumanius</span> <span class='ocrx_word' id='word_1_66' title='bbox 1747 1476 1858 1558; x_wconf 89' lang='lat' dir='ltr'>omni</span> <span class='ocrx_word' id='word_1_67' title='bbox 1884 1475 1985 1556; x_wconf 81' lang='lat' dir='ltr'>aetati</span> 
     </span>
     <span class='ocr_line' id='line_1_9' title="bbox 631 1607 1955 1716; baseline -0.009 -28"><span class='ocrx_word' id='word_1_68' title='bbox 631 1608 798 1690; x_wconf 83' lang='lat' dir='ltr'>molesta</span> <span class='ocrx_word' id='word_1_69' title='bbox 815 1607 1186 1716; x_wconf 74' lang='lat' dir='ltr'>estrcap.3.§7.</span> <span class='ocrx_word' id='word_1_70' title='bbox 1206 1607 1264 1714; x_wconf 92' lang='lat'>(1)</span> <span class='ocrx_word' id='word_1_71' title='bbox 1952 1611 1955 1618; x_wconf 88' lang='grc'><strong>’</strong></span> 
     </span>
    </p>
   </div>
   <div class='ocr_carea' id='block_1_3' title="bbox 1008 1815 1413 1982">
    <p class='ocr_par' dir='ltr' id='par_1_3' title="bbox 1008 1815 1413 1982">
     <span class='ocr_line' id='line_1_10' title="bbox 1008 1815 1413 1982; baseline -0.017 -34"><span class='ocrx_word' id='word_1_72' title='bbox 1008 1815 1013 1823; x_wconf 85' lang='grc'><strong><em>’</em></strong></span> <span class='ocrx_word' id='word_1_73' title='bbox 1107 1919 1113 1928; x_wconf 88' lang='grc'><strong>.</strong></span> <span class='ocrx_word' id='word_1_74' title='bbox 1206 1843 1413 1982; x_wconf 73' lang='lat' dir='ltr'>§vnn</span> 
     </span>
    </p>
   </div>
   <div class='ocr_carea' id='block_1_4' title="bbox 631 2065 2001 2898">
    <p class='ocr_par' dir='ltr' id='par_1_4' title="bbox 631 2065 2001 2898">
     <span class='ocr_line' id='line_1_11' title="bbox 682 2065 1993 2190; baseline -0.005 -30"><span class='ocrx_word' id='word_1_75' title='bbox 682 2083 742 2160; x_wconf 82' lang='lat' dir='ltr'>Ita</span> <span class='ocrx_word' id='word_1_76' title='bbox 758 2077 958 2188; x_wconf 74' lang='lat' dir='ltr'>Cephalus</span> <span class='ocrx_word' id='word_1_77' title='bbox 977 2097 1100 2190; x_wconf 83' lang='lat' dir='ltr'>atque</span> <span class='ocrx_word' id='word_1_78' title='bbox 1119 2081 1221 2161; x_wconf 85' lang='lat' dir='ltr'>Cato</span> <span class='ocrx_word' id='word_1_79' title='bbox 1242 2077 1480 2161; x_wconf 82' lang='lat' dir='ltr'>statuebant.</span> <span class='ocrx_word' id='word_1_80' title='bbox 1499 2075 1628 2158; x_wconf 80' lang='lat' dir='ltr'>Alteri</span> <span class='ocrx_word' id='word_1_81' title='bbox 1644 2091 1777 2164; x_wconf 82' lang='lat' dir='ltr'>temen</span> <span class='ocrx_word' id='word_1_82' title='bbox 1792 2065 1993 2177; x_wconf 76' lang='lat' dir='ltr'>Socrates,</span> 
     </span>
     <span class='ocr_line' id='line_1_12' title="bbox 631 2193 1996 2308; baseline -0.001 -32"><span class='ocrx_word' id='word_1_83' title='bbox 631 2197 745 2276; x_wconf 82' lang='lat' dir='ltr'>alteri</span> <span class='ocrx_word' id='word_1_84' title='bbox 762 2199 925 2298; x_wconf 71' lang='lat' dir='ltr'>Iaelius,</span> <span class='ocrx_word' id='word_1_85' title='bbox 942 2201 1106 2308; x_wconf 89' lang='lat' dir='ltr'>utrique</span> <span class='ocrx_word' id='word_1_86' title='bbox 1124 2201 1351 2305; x_wconf 83' lang='lat' dir='ltr'>sapientum</span> <span class='ocrx_word' id='word_1_87' title='bbox 1369 2224 1511 2282; x_wconf 89' lang='lat' dir='ltr'>senum</span> <span class='ocrx_word' id='word_1_88' title='bbox 1530 2221 1716 2276; x_wconf 86' lang='lat' dir='ltr'>sermone</span> <span class='ocrx_word' id='word_1_89' title='bbox 1735 2193 1996 2298; x_wconf 75' lang='lat' dir='ltr'>oblectantes,</span> 
     </span>
     <span class='ocr_line' id='line_1_13' title="bbox 634 2313 1995 2425; baseline -0.001 -30"><span class='ocrx_word' id='word_1_90' title='bbox 634 2313 862 2422; x_wconf 86' lang='lat' dir='ltr'>objiciunt:</span> <span class='ocrx_word' id='word_1_91' title='bbox 887 2317 1038 2403; x_wconf 86' lang='lat' dir='ltr'>multos</span> <span class='ocrx_word' id='word_1_92' title='bbox 1064 2315 1232 2425; x_wconf 87' lang='lat' dir='ltr'>quidem</span> <span class='ocrx_word' id='word_1_93' title='bbox 1264 2343 1348 2395; x_wconf 87' lang='lat' dir='ltr'>esse</span> <span class='ocrx_word' id='word_1_94' title='bbox 1377 2315 1564 2394; x_wconf 89' lang='lat' dir='ltr'>homines</span> <span class='ocrx_word' id='word_1_95' title='bbox 1587 2317 1670 2424; x_wconf 85' lang='lat' dir='ltr'>qui</span> <span class='ocrx_word' id='word_1_96' title='bbox 1686 2313 1882 2421; x_wconf 83' lang='lat' dir='ltr'>ejusmodi</span> <span class='ocrx_word' id='word_1_97' title='bbox 1905 2341 1995 2394; x_wconf 89' lang='lat' dir='ltr'>ora·</span> 
     </span>
     <span class='ocr_line' id='line_1_14' title="bbox 631 2433 1995 2548; baseline 0.001 -34"><span class='ocrx_word' id='word_1_98' title='bbox 631 2437 789 2514; x_wconf 88' lang='lat' dir='ltr'>tionem</span> <span class='ocrx_word' id='word_1_99' title='bbox 807 2461 893 2515; x_wconf 94' lang='lat' dir='ltr'>non</span> <span class='ocrx_word' id='word_1_100' title='bbox 910 2437 1197 2543; x_wconf 85' lang='lat' dir='ltr'>comprobent,</span> <span class='ocrx_word' id='word_1_101' title='bbox 1215 2454 1442 2544; x_wconf 89' lang='lat' dir='ltr'>putentque</span> <span class='ocrx_word' id='word_1_102' title='bbox 1460 2433 1540 2514; x_wconf 89' lang='lat' dir='ltr'>illis</span> <span class='ocrx_word' id='word_1_103' title='bbox 1558 2452 1725 2542; x_wconf 89' lang='lat' dir='ltr'>propter</span> <span class='ocrx_word' id='word_1_104' title='bbox 1746 2461 1844 2548; x_wconf 86' lang='lat' dir='ltr'>opes</span> <span class='ocrx_word' id='word_1_105' title='bbox 1866 2452 1909 2534; x_wconf 82' lang='lat' dir='ltr'>et</span> <span class='ocrx_word' id='word_1_106' title='bbox 1928 2463 1995 2515; x_wconf 92' lang='lat' dir='ltr'>co·</span> 
     </span>
     <span class='ocr_line' id='line_1_15' title="bbox 633 2551 1999 2665; baseline 0.004 -33"><span class='ocrx_word' id='word_1_107' title='bbox 633 2555 720 2659; x_wconf 86' lang='lat' dir='ltr'>pias</span> <span class='ocrx_word' id='word_1_108' title='bbox 742 2569 784 2632; x_wconf 91' lang='lat' dir='ltr'>et</span> <span class='ocrx_word' id='word_1_109' title='bbox 802 2551 1060 2658; x_wconf 83' lang='lat' dir='ltr'>dignitatern,</span> <span class='ocrx_word' id='word_1_110' title='bbox 1084 2581 1171 2634; x_wconf 90' lang='lat' dir='ltr'>non</span> <span class='ocrx_word' id='word_1_111' title='bbox 1197 2580 1295 2634; x_wconf 85' lang='lat' dir='ltr'>vero</span> <span class='ocrx_word' id='word_1_112' title='bbox 1320 2569 1490 2659; x_wconf 88' lang='lat' dir='ltr'>propter</span> <span class='ocrx_word' id='word_1_113' title='bbox 1512 2551 1644 2632; x_wconf 88' lang='lat' dir='ltr'>bonos</span> <span class='ocrx_word' id='word_1_114' title='bbox 1672 2569 1872 2665; x_wconf 87' lang='lat' dir='ltr'>aptosque</span> <span class='ocrx_word' id='word_1_115' title='bbox 1894 2559 1999 2636; x_wconf 77' lang='lat' dir='ltr'>aetati</span> 
     </span>
     <span class='ocr_line' id='line_1_16' title="bbox 634 2668 2001 2782; baseline 0.004 -32"><span class='ocrx_word' id='word_1_116' title='bbox 634 2697 768 2754; x_wconf 84' lang='lat' dir='ltr'>mores</span> <span class='ocrx_word' id='word_1_117' title='bbox 785 2673 841 2751; x_wconf 88' lang='lat' dir='ltr'>ita</span> <span class='ocrx_word' id='word_1_118' title='bbox 860 2668 1113 2752; x_wconf 89' lang='lat' dir='ltr'>tolerabilem</span> <span class='ocrx_word' id='word_1_119' title='bbox 1130 2699 1216 2752; x_wconf 87' lang='lat' dir='ltr'>esse</span> <span class='ocrx_word' id='word_1_120' title='bbox 1242 2687 1509 2776; x_wconf 73' lang='lat' dir='ltr'>senectutem,</span> <span class='ocrx_word' id='word_1_121' title='bbox 1536 2673 1729 2782; x_wconf 89' lang='lat' dir='ltr'>quoniam</span> <span class='ocrx_word' id='word_1_122' title='bbox 1755 2674 1866 2752; x_wconf 83' lang='lat' dir='ltr'>varia</span> <span class='ocrx_word' id='word_1_123' title='bbox 1892 2674 2001 2756; x_wconf 84' lang='lat' dir='ltr'>divi·</span> 
     </span>
     <span class='ocr_line' id='line_1_17' title="bbox 635 2789 2001 2898; baseline 0.004 -28"><span class='ocrx_word' id='word_1_124' title='bbox 635 2791 746 2872; x_wconf 85' lang='lat' dir='ltr'>tibus</span> <span class='ocrx_word' id='word_1_125' title='bbox 776 2789 867 2870; x_wconf 81' lang='lat' dir='ltr'>deta</span> <span class='ocrx_word' id='word_1_126' title='bbox 898 2793 979 2870; x_wconf 87' lang='lat' dir='ltr'>sint</span> <span class='ocrx_word' id='word_1_127' title='bbox 1008 2791 1190 2898; x_wconf 72' lang='lat' dir='ltr'>praesidia</span> <span class='ocrx_word' id='word_1_128' title='bbox 1221 2789 1474 2872; x_wconf 89' lang='lat' dir='ltr'>consolandis</span> <span class='ocrx_word' id='word_1_129' title='bbox 1505 2791 1815 2898; x_wconf 85' lang='lat' dir='ltr'>recreandisque</span> <span class='ocrx_word' id='word_1_130' title='bbox 1853 2819 2001 2876; x_wconf 90' lang='lat' dir='ltr'>senum</span> 
     </span>
    </p>
   </div>
   <div class='ocr_carea' id='block_1_5' title="bbox 576 3034 2006 4483">
    <p class='ocr_par' dir='ltr' id='par_1_5' title="bbox 576 3034 2006 4483">
     <span class='ocr_line' id='line_1_18' title="bbox 686 3034 2001 3138; baseline 0.011 -34"><span class='ocrx_word' id='word_1_131' title='bbox 686 3037 734 3127; x_wconf 85' lang='grc' dir='ltr'>(ι)</span> <span class='ocrx_word' id='word_1_132' title='bbox 756 3037 833 3104; x_wconf 83' lang='grc' dir='ltr'>Νοιι</span> <span class='ocrx_word' id='word_1_133' title='bbox 851 3039 964 3106; x_wconf 84' lang='lat' dir='ltr'>eadem</span> <span class='ocrx_word' id='word_1_134' title='bbox 982 3037 1232 3126; x_wconf 81' lang='lat' dir='ltr'>subsequuntur</span> <span class='ocrx_word' id='word_1_135' title='bbox 1251 3038 1340 3128; x_wconf 85' lang='lat' dir='ltr'>apud</span> <span class='ocrx_word' id='word_1_136' title='bbox 1359 3037 1551 3106; x_wconf 67' lang='lat' dir='ltr'>Pharum</span> <span class='ocrx_word' id='word_1_137' title='bbox 1569 3037 1618 3107; x_wconf 86' lang='lat' dir='ltr'>De</span> <span class='ocrx_word' id='word_1_138' title='bbox 1637 3034 1721 3131; x_wconf 74' lang='lat' dir='ltr'>dep.</span> <span class='ocrx_word' id='word_1_139' title='bbox 1736 3041 1763 3110; x_wconf 90' lang='grc' dir='ltr'>Ι.</span> <span class='ocrx_word' id='word_1_140' title='bbox 1777 3067 1807 3110; x_wconf 88' lang='lat' dir='ltr'>o.</span> <span class='ocrx_word' id='word_1_141' title='bbox 1823 3045 1855 3114; x_wconf 75' lang='lat'>3.</span> <span class='ocrx_word' id='word_1_142' title='bbox 1870 3071 1905 3138; x_wconf 89' lang='lat' dir='ltr'>p.</span> <span class='ocrx_word' id='word_1_143' title='bbox 1924 3047 2001 3118; x_wconf 78' lang='lat'>528.</span> 
     </span>
     <span class='ocr_line' id='line_1_19' title="bbox 641 3139 2005 3232; baseline 0.01 -25"><span class='ocrx_word' id='word_1_144' title='bbox 641 3141 684 3207; x_wconf 85' lang='lat' dir='ltr'>D.</span> <span class='ocrx_word' id='word_1_145' title='bbox 703 3139 817 3230; x_wconf 83' lang='lat' dir='ltr'>Steplr.</span> <span class='ocrx_word' id='word_1_146' title='bbox 833 3163 908 3230; x_wconf 83' lang='lat' dir='ltr'>pag.</span> <span class='ocrx_word' id='word_1_147' title='bbox 923 3145 956 3208; x_wconf 81' lang='lat'>5.</span> <span class='ocrx_word' id='word_1_148' title='bbox 970 3142 1039 3208; x_wconf 67' lang='lat' dir='ltr'>aas</span> <span class='ocrx_word' id='word_1_149' title='bbox 1053 3163 1062 3209; x_wconf 92' lang='lat'><strong>:</strong></span> <span class='ocrx_word' id='word_1_150' title='bbox 1076 3143 1136 3228; x_wconf 92' lang='lat' dir='ltr'>qui</span> <span class='ocrx_word' id='word_1_151' title='bbox 1150 3143 1289 3208; x_wconf 85' lang='lat' dir='ltr'>inseruit</span> <span class='ocrx_word' id='word_1_152' title='bbox 1300 3143 1485 3230; x_wconf 89' lang='lat' dir='ltr'>pulchrum</span> <span class='ocrx_word' id='word_1_153' title='bbox 1496 3144 1562 3210; x_wconf 87' lang='lat' dir='ltr'>hoo</span> <span class='ocrx_word' id='word_1_154' title='bbox 1573 3143 1746 3232; x_wconf 82' lang='lat' dir='ltr'>Sophoclis</span> <span class='ocrx_word' id='word_1_155' title='bbox 1756 3148 1797 3214; x_wconf 91' lang='lat' dir='ltr'>de</span> <span class='ocrx_word' id='word_1_156' title='bbox 1811 3147 1920 3218; x_wconf 87' lang='lat' dir='ltr'>Rebus</span> <span class='ocrx_word' id='word_1_157' title='bbox 1931 3153 2005 3221; x_wconf 71' lang='lat' dir='ltr'>ve·-</span> 
     </span>
     <span class='ocr_line' id='line_1_20' title="bbox 643 3245 2003 3347; baseline 0.007 -35"><span class='ocrx_word' id='word_1_158' title='bbox 643 3246 751 3312; x_wconf 72' lang='lat' dir='ltr'>aereis</span> <span class='ocrx_word' id='word_1_159' title='bbox 768 3264 984 3335; x_wconf 67' lang='lat' dir='ltr'>responsum,</span> <span class='ocrx_word' id='word_1_160' title='bbox 1000 3249 1090 3334; x_wconf 91' lang='lat' dir='ltr'>quod</span> <span class='ocrx_word' id='word_1_161' title='bbox 1107 3245 1223 3314; x_wconf 86' lang='lat' dir='ltr'>Cioero</span> <span class='ocrx_word' id='word_1_162' title='bbox 1239 3249 1473 3336; x_wconf 85' lang='lat' dir='ltr'>interpretatus</span> <span class='ocrx_word' id='word_1_163' title='bbox 1488 3262 1535 3314; x_wconf 88' lang='lat' dir='ltr'>ert</span> <span class='ocrx_word' id='word_1_164' title='bbox 1550 3251 1599 3316; x_wconf 89' lang='lat' dir='ltr'>De</span> <span class='ocrx_word' id='word_1_165' title='bbox 1616 3250 1743 3317; x_wconf 75' lang='lat' dir='ltr'>Seneot.</span> <span class='ocrx_word' id='word_1_166' title='bbox 1763 3253 1802 3320; x_wconf 72' lang='grc' dir='ltr'>(Σ.</span> <span class='ocrx_word' id='word_1_167' title='bbox 1822 3257 1873 3326; x_wconf 67' lang='grc' dir='ltr'>ι4.</span> <span class='ocrx_word' id='word_1_168' title='bbox 1896 3261 1917 3344; x_wconf 79' lang='grc' dir='ltr'><strong>ς</strong></span> <span class='ocrx_word' id='word_1_169' title='bbox 1936 3260 2003 3347; x_wconf 80' lang='lat'>473</span> 
     </span>
     <span class='ocr_line' id='line_1_21' title="bbox 643 3349 2003 3440; baseline 0.01 -22"><span class='ocrx_word' id='word_1_170' title='bbox 643 3349 704 3418; x_wconf 83' lang='lat' dir='ltr'>ubi</span> <span class='ocrx_word' id='word_1_171' title='bbox 725 3349 817 3417; x_wconf 82' lang='lat' dir='ltr'>oonf.</span> <span class='ocrx_word' id='word_1_172' title='bbox 841 3362 954 3416; x_wconf 80' lang='lat' dir='ltr'>nostre</span> <span class='ocrx_word' id='word_1_173' title='bbox 974 3363 1140 3418; x_wconf 77' lang='lat' dir='ltr'>annotata.</span> <span class='ocrx_word' id='word_1_174' title='bbox 1165 3351 1223 3416; x_wconf 83' lang='lat' dir='ltr'>llis</span> <span class='ocrx_word' id='word_1_175' title='bbox 1247 3365 1357 3418; x_wconf 85' lang='lat' dir='ltr'>autam</span> <span class='ocrx_word' id='word_1_176' title='bbox 1380 3352 1559 3440; x_wconf 83' lang='lat' dir='ltr'>interjectis</span> <span class='ocrx_word' id='word_1_177' title='bbox 1581 3357 1693 3422; x_wconf 87' lang='lat' dir='ltr'>eadem</span> <span class='ocrx_word' id='word_1_178' title='bbox 1716 3381 1754 3424; x_wconf 87' lang='lat' dir='ltr'>ao</span> <span class='ocrx_word' id='word_1_179' title='bbox 1777 3357 1891 3428; x_wconf 86' lang='lat' dir='ltr'>Cioero</span> <span class='ocrx_word' id='word_1_180' title='bbox 1914 3365 2003 3430; x_wconf 88' lang='lat' dir='ltr'>sub-</span> 
     </span>
     <span class='ocr_line' id='line_1_22' title="bbox 645 3451 2004 3554; baseline 0.011 -37"><span class='ocrx_word' id='word_1_181' title='bbox 645 3452 734 3538; x_wconf 82' lang='lat' dir='ltr'>jicit,</span> <span class='ocrx_word' id='word_1_182' title='bbox 749 3475 787 3542; x_wconf 78' lang='lat' dir='ltr'>p·</span> <span class='ocrx_word' id='word_1_183' title='bbox 804 3471 882 3540; x_wconf 76' lang='lat'>229.</span> <span class='ocrx_word' id='word_1_184' title='bbox 905 3453 958 3518; x_wconf 83' lang='lat' dir='ltr'>D:</span> <span class='ocrx_word' id='word_1_185' title='bbox 975 3451 1064 3520; x_wconf 64' lang='lat' dir='ltr'>&#39;Albi</span> <span class='ocrx_word' id='word_1_186' title='bbox 1084 3454 1134 3520; x_wconf 74' lang='lat' dir='ltr'>rai</span> <span class='ocrx_word' id='word_1_187' title='bbox 1152 3457 1255 3522; x_wconf 74' lang='lat' dir='ltr'>tritor</span> <span class='ocrx_word' id='word_1_188' title='bbox 1269 3461 1349 3545; x_wconf 75' lang='grc' dir='ltr'><strong><em>πέρι,</em></strong></span> <span class='ocrx_word' id='word_1_189' title='bbox 1369 3457 1419 3523; x_wconf 73' lang='grc' dir='ltr'>καὶ</span> <span class='ocrx_word' id='word_1_190' title='bbox 1435 3468 1491 3524; x_wconf 76' lang='grc' dir='ltr'>τῶν</span> <span class='ocrx_word' id='word_1_191' title='bbox 1511 3483 1544 3548; x_wconf 79' lang='lat' dir='ltr'>ys</span> <span class='ocrx_word' id='word_1_192' title='bbox 1565 3461 1635 3549; x_wconf 78' lang='grc' dir='ltr'><strong>πρὸς</strong></span> <span class='ocrx_word' id='word_1_193' title='bbox 1653 3460 1715 3537; x_wconf 75' lang='grc' dir='ltr'>τοὺς</span> <span class='ocrx_word' id='word_1_194' title='bbox 1736 3465 1867 3551; x_wconf 63' lang='lat' dir='ltr'>timebor,</span> <span class='ocrx_word' id='word_1_195' title='bbox 1886 3472 1939 3554; x_wconf 77' lang='grc' dir='ltr'>μία</span> <span class='ocrx_word' id='word_1_196' title='bbox 1960 3493 2004 3548; x_wconf 76' lang='grc' dir='ltr'>τις</span> 
     </span>
     <span class='ocr_line' id='line_1_23' title="bbox 648 3551 2004 3662; baseline 0.014 -40"><span class='ocrx_word' id='word_1_197' title='bbox 648 3558 726 3622; x_wconf 71' lang='grc' dir='ltr'><strong><em>αἰτία</em></strong></span> <span class='ocrx_word' id='word_1_198' title='bbox 741 3557 819 3639; x_wconf 68' lang='lat' dir='ltr'>triv,</span> <span class='ocrx_word' id='word_1_199' title='bbox 834 3554 867 3620; x_wconf 74' lang='grc' dir='ltr'>οὐ</span> <span class='ocrx_word' id='word_1_200' title='bbox 881 3555 912 3623; x_wconf 80' lang='lat' dir='ltr'>ri</span> <span class='ocrx_word' id='word_1_201' title='bbox 926 3569 1038 3645; x_wconf 76' lang='grc' dir='ltr'><em>γῆρας,</em></span> <span class='ocrx_word' id='word_1_202' title='bbox 1053 3551 1079 3626; x_wconf 79' lang='lat' dir='ltr'>d</span> <span class='ocrx_word' id='word_1_203' title='bbox 1093 3558 1258 3648; x_wconf 77' lang='grc' dir='ltr'><strong><em>Σώκρατες,</em></strong></span> <span class='ocrx_word' id='word_1_204' title='bbox 1270 3559 1333 3626; x_wconf 76' lang='grc' dir='ltr'>ἀλλ’</span> <span class='ocrx_word' id='word_1_205' title='bbox 1346 3565 1361 3626; x_wconf 80' lang='lat' dir='ltr'>l</span> <span class='ocrx_word' id='word_1_206' title='bbox 1375 3566 1476 3652; x_wconf 76' lang='grc' dir='ltr'>τρόπος</span> <span class='ocrx_word' id='word_1_207' title='bbox 1491 3574 1547 3632; x_wconf 79' lang='grc' dir='ltr'>τῶν</span> <span class='ocrx_word' id='word_1_208' title='bbox 1561 3565 1732 3653; x_wconf 64' lang='grc' dir='ltr'>ἀνθρώπων</span> <span class='ocrx_word' id='word_1_209' title='bbox 1749 3568 1786 3636; x_wconf 75' lang='grc' dir='ltr'>ἂν</span> <span class='ocrx_word' id='word_1_210' title='bbox 1801 3571 1923 3662; x_wconf 76' lang='grc' dir='ltr'><strong><em>μὲνγὰρ</em></strong></span> <span class='ocrx_word' id='word_1_211' title='bbox 1936 3578 2004 3640; x_wconf 75' lang='grc' dir='ltr'>κόσ-</span> 
     </span>
     <span class='ocr_line' id='line_1_24' title="bbox 649 3651 2006 3761; baseline 0.015 -38"><span class='ocrx_word' id='word_1_212' title='bbox 649 3678 708 3743; x_wconf 75' lang='grc' dir='ltr'>μιοι</span> <span class='ocrx_word' id='word_1_213' title='bbox 723 3657 773 3724; x_wconf 78' lang='lat' dir='ltr'>rai</span> <span class='ocrx_word' id='word_1_214' title='bbox 791 3657 896 3726; x_wconf 56' lang='lat' dir='ltr'>aab«</span> <span class='ocrx_word' id='word_1_215' title='bbox 913 3651 984 3743; x_wconf 80' lang='lat' dir='ltr'>aior,</span> <span class='ocrx_word' id='word_1_216' title='bbox 1006 3663 1057 3726; x_wconf 75' lang='lat' dir='ltr'>ml</span> <span class='ocrx_word' id='word_1_217' title='bbox 1077 3661 1109 3728; x_wconf 77' lang='lat' dir='ltr'>ri</span> <span class='ocrx_word' id='word_1_218' title='bbox 1126 3675 1218 3750; x_wconf 74' lang='grc' dir='ltr'><em>γῆρας</em></span> <span class='ocrx_word' id='word_1_219' title='bbox 1236 3668 1358 3753; x_wconf 62' lang='grc' dir='ltr'><strong><em>μετρῶς</em></strong></span> <span class='ocrx_word' id='word_1_220' title='bbox 1375 3665 1439 3743; x_wconf 73' lang='grc' dir='ltr'>ε’ςῖν</span> <span class='ocrx_word' id='word_1_221' title='bbox 1456 3669 1599 3754; x_wconf 57' lang='lat' dir='ltr'>murm,</span> <span class='ocrx_word' id='word_1_222' title='bbox 1619 3671 1644 3734; x_wconf 85' lang='lat' dir='ltr'>ri</span> <span class='ocrx_word' id='word_1_223' title='bbox 1662 3658 1772 3756; x_wconf 64' lang='lat' dir='ltr'>lips,</span> <span class='ocrx_word' id='word_1_224' title='bbox 1788 3671 2006 3761; x_wconf 41' lang='lat' dir='ltr'>nimand</span> 
     </span>
     <span class='ocr_line' id='line_1_25' title="bbox 651 3763 2004 3858; baseline 0.013 -31"><span class='ocrx_word' id='word_1_225' title='bbox 651 3763 819 3854; x_wconf 71' lang='grc' dir='ltr'><strong><em>Σώκρατες,</em></strong></span> <span class='ocrx_word' id='word_1_226' title='bbox 839 3763 889 3830; x_wconf 77' lang='lat' dir='ltr'>rai</span> <span class='ocrx_word' id='word_1_227' title='bbox 902 3768 996 3842; x_wconf 70' lang='grc' dir='ltr'><strong><em>κότης</em></strong></span> <span class='ocrx_word' id='word_1_228' title='bbox 1011 3765 1126 3853; x_wconf 70' lang='grc' dir='ltr'>χαλεπὴ</span> <span class='ocrx_word' id='word_1_229' title='bbox 1140 3773 1183 3857; x_wconf 74' lang='grc' dir='ltr'>τῷ</span> <span class='ocrx_word' id='word_1_230' title='bbox 1197 3771 1308 3858; x_wconf 73' lang='grc' dir='ltr'><strong><em>τοιούτῳ</em></strong></span> <span class='ocrx_word' id='word_1_231' title='bbox 1326 3767 1479 3857; x_wconf 60' lang='lat' dir='ltr'>inpetriri.</span> <span class='ocrx_word' id='word_1_232' title='bbox 1495 3769 1623 3840; x_wconf 86' lang='lat' dir='ltr'>Similia</span> <span class='ocrx_word' id='word_1_233' title='bbox 1637 3773 1736 3840; x_wconf 76' lang='lat' dir='ltr'>habet</span> <span class='ocrx_word' id='word_1_234' title='bbox 1752 3775 1934 3842; x_wconf 73' lang='lat' dir='ltr'>Musonius</span> <span class='ocrx_word' id='word_1_235' title='bbox 1952 3778 2004 3846; x_wconf 90' lang='lat' dir='ltr'>De</span> 
     </span>
     <span class='ocr_line' id='line_1_26' title="bbox 652 3865 2003 3967; baseline 0.013 -35"><span class='ocrx_word' id='word_1_236' title='bbox 652 3865 823 3935; x_wconf 81' lang='lat' dir='ltr'>Senectute</span> <span class='ocrx_word' id='word_1_237' title='bbox 837 3870 927 3959; x_wconf 83' lang='lat' dir='ltr'>apud</span> <span class='ocrx_word' id='word_1_238' title='bbox 945 3868 1119 3936; x_wconf 70' lang='lat' dir='ltr'>stomun</span> <span class='ocrx_word' id='word_1_239' title='bbox 1134 3870 1417 3943; x_wconf 84' lang='lat' dir='ltr'>Sermon.CXV1.</span> <span class='ocrx_word' id='word_1_240' title='bbox 1437 3900 1474 3967; x_wconf 86' lang='lat' dir='ltr'>p.</span> <span class='ocrx_word' id='word_1_241' title='bbox 1497 3878 1560 3965; x_wconf 83' lang='lat'>595</span> <span class='ocrx_word' id='word_1_242' title='bbox 1572 3923 1587 3964; x_wconf 19' lang='grc' dir='ltr'>,ι</span> <span class='ocrx_word' id='word_1_243' title='bbox 1603 3899 1651 3966; x_wconf 85' lang='lat' dir='ltr'>sq.</span> <span class='ocrx_word' id='word_1_244' title='bbox 1675 3877 1770 3944; x_wconf 80' lang='lat' dir='ltr'>Basil·</span> <span class='ocrx_word' id='word_1_245' title='bbox 1790 3875 1890 3946; x_wconf 71' lang='lat' dir='ltr'>Conf-</span> <span class='ocrx_word' id='word_1_246' title='bbox 1909 3879 2003 3952; x_wconf 71' lang='lat' dir='ltr'>lm</span> 
     </span>
     <span class='ocr_line' id='line_1_27' title="bbox 652 3969 2004 4067; baseline 0.015 -33"><span class='ocrx_word' id='word_1_247' title='bbox 652 3969 684 4032; x_wconf 83' lang='lat' dir='ltr'>J.</span> <span class='ocrx_word' id='word_1_248' title='bbox 708 3971 912 4057; x_wconf 79' lang='lat' dir='ltr'>Roussnau,</span> <span class='ocrx_word' id='word_1_249' title='bbox 933 3971 1042 4040; x_wconf 83' lang='lat' dir='ltr'>Nour.</span> <span class='ocrx_word' id='word_1_250' title='bbox 1064 3973 1216 4061; x_wconf 74' lang='lat' dir='ltr'>fidolus,</span> <span class='ocrx_word' id='word_1_251' title='bbox 1236 3978 1342 4067; x_wconf 78' lang='lat' dir='ltr'>partie</span> <span class='ocrx_word' id='word_1_252' title='bbox 1363 3980 1443 4066; x_wconf 75' lang='lat'><strong>5¹¹⁸,</strong></span> <span class='ocrx_word' id='word_1_253' title='bbox 1463 3981 1574 4048; x_wconf 88' lang='lat' dir='ltr'>Lettre</span> <span class='ocrx_word' id='word_1_254' title='bbox 1594 3982 1636 4049; x_wconf 82' lang='lat'>5:</span> <span class='ocrx_word' id='word_1_255' title='bbox 1654 3981 1743 4048; x_wconf 82' lang='lat' dir='ltr'>Toue</span> <span class='ocrx_word' id='word_1_256' title='bbox 1762 3981 1810 4048; x_wconf 84' lang='lat' dir='ltr'>les</span> <span class='ocrx_word' id='word_1_257' title='bbox 1828 3989 2004 4054; x_wconf 76' lang='lat' dir='ltr'>caracteres</span> 
     </span>
     <span class='ocr_line' id='line_1_28' title="bbox 652 4075 2004 4174; baseline 0.016 -39"><span class='ocrx_word' id='word_1_258' title='bbox 652 4084 727 4136; x_wconf 82' lang='lat' dir='ltr'>sont</span> <span class='ocrx_word' id='word_1_259' title='bbox 745 4075 829 4140; x_wconf 83' lang='lat' dir='ltr'>bona</span> <span class='ocrx_word' id='word_1_260' title='bbox 848 4087 881 4142; x_wconf 86' lang='lat' dir='ltr'>et</span> <span class='ocrx_word' id='word_1_261' title='bbox 899 4079 984 4143; x_wconf 80' lang='lat' dir='ltr'>orins</span> <span class='ocrx_word' id='word_1_262' title='bbox 1003 4101 1046 4143; x_wconf 89' lang='lat' dir='ltr'>en</span> <span class='ocrx_word' id='word_1_263' title='bbox 1066 4082 1294 4148; x_wconf 67' lang='lat' dir='ltr'>eux-memes.</span> <span class='ocrx_word' id='word_1_264' title='bbox 1310 4083 1340 4148; x_wconf 90' lang='lat'>11</span> <span class='ocrx_word' id='word_1_265' title='bbox 1360 4085 1422 4173; x_wconf 87' lang='lat' dir='ltr'>n’y</span> <span class='ocrx_word' id='word_1_266' title='bbox 1445 4109 1463 4151; x_wconf 87' lang='lat' dir='ltr'>r</span> <span class='ocrx_word' id='word_1_267' title='bbox 1484 4087 1580 4174; x_wconf 87' lang='lat' dir='ltr'>point</span> <span class='ocrx_word' id='word_1_268' title='bbox 1602 4087 1767 4153; x_wconf 85' lang='lat' dir='ltr'>d’erreurs</span> <span class='ocrx_word' id='word_1_269' title='bbox 1787 4089 1868 4154; x_wconf 86' lang='lat' dir='ltr'>dam</span> <span class='ocrx_word' id='word_1_270' title='bbox 1886 4089 1920 4155; x_wconf 80' lang='lat' dir='ltr'>le</span> <span class='ocrx_word' id='word_1_271' title='bbox 1939 4113 2004 4156; x_wconf 86' lang='lat' dir='ltr'>na-</span> 
     </span>
     <span class='ocr_line' id='line_1_29' title="bbox 651 4177 2003 4278; baseline 0.016 -37"><span class='ocrx_word' id='word_1_272' title='bbox 651 4187 739 4241; x_wconf 81' lang='lat' dir='ltr'>ture·</span> <span class='ocrx_word' id='word_1_273' title='bbox 760 4177 850 4244; x_wconf 86' lang='lat' dir='ltr'>Tour</span> <span class='ocrx_word' id='word_1_274' title='bbox 867 4184 915 4248; x_wconf 83' lang='lat' dir='ltr'>les</span> <span class='ocrx_word' id='word_1_275' title='bbox 933 4184 1018 4249; x_wconf 81' lang='lat' dir='ltr'>rioee</span> <span class='ocrx_word' id='word_1_276' title='bbox 1038 4183 1143 4272; x_wconf 89' lang='lat' dir='ltr'>qu’on</span> <span class='ocrx_word' id='word_1_277' title='bbox 1162 4185 1292 4278; x_wconf 88' lang='lat' dir='ltr'>irupute</span> <span class='ocrx_word' id='word_1_278' title='bbox 1312 4211 1356 4254; x_wconf 88' lang='lat' dir='ltr'>au</span> <span class='ocrx_word' id='word_1_279' title='bbox 1376 4192 1507 4256; x_wconf 82' lang='lat' dir='ltr'>natural</span> <span class='ocrx_word' id='word_1_280' title='bbox 1529 4203 1604 4258; x_wconf 81' lang='lat' dir='ltr'>sont</span> <span class='ocrx_word' id='word_1_281' title='bbox 1627 4191 1728 4258; x_wconf 85' lang='lat' dir='ltr'>l’effet</span> <span class='ocrx_word' id='word_1_282' title='bbox 1749 4193 1806 4258; x_wconf 85' lang='lat' dir='ltr'>des</span> <span class='ocrx_word' id='word_1_283' title='bbox 1823 4191 2003 4261; x_wconf 69' lang='lat' dir='ltr'>mauvaira</span> 
     </span>
     <span class='ocr_line' id='line_1_30' title="bbox 650 4279 2005 4388; baseline 0.016 -43"><span class='ocrx_word' id='word_1_284' title='bbox 650 4279 777 4347; x_wconf 81' lang='lat' dir='ltr'>formae</span> <span class='ocrx_word' id='word_1_285' title='bbox 796 4283 920 4370; x_wconf 84' lang='lat' dir='ltr'>qu’ila</span> <span class='ocrx_word' id='word_1_286' title='bbox 939 4309 1061 4368; x_wconf 68' lang='lat' dir='ltr'>moues.</span> <span class='ocrx_word' id='word_1_287' title='bbox 1085 4285 1122 4354; x_wconf 86' lang='lat' dir='ltr'>ll¹</span> <span class='ocrx_word' id='word_1_288' title='bbox 1134 4290 1197 4378; x_wconf 85' lang='lat' dir='ltr'>n’y</span> <span class='ocrx_word' id='word_1_289' title='bbox 1216 4313 1235 4356; x_wconf 84' lang='lat' dir='ltr'>a</span> <span class='ocrx_word' id='word_1_290' title='bbox 1253 4313 1311 4380; x_wconf 81' lang='lat' dir='ltr'>prs</span> <span class='ocrx_word' id='word_1_291' title='bbox 1326 4293 1366 4358; x_wconf 92' lang='lat' dir='ltr'>de</span> <span class='ocrx_word' id='word_1_292' title='bbox 1382 4293 1514 4364; x_wconf 71' lang='lat' dir='ltr'>weltru</span> <span class='ocrx_word' id='word_1_293' title='bbox 1529 4297 1612 4366; x_wconf 87' lang='lat' dir='ltr'>dont</span> <span class='ocrx_word' id='word_1_294' title='bbox 1626 4297 1674 4365; x_wconf 81' lang='lat' dir='ltr'>les</span> <span class='ocrx_word' id='word_1_295' title='bbox 1689 4297 1871 4388; x_wconf 80' lang='lat' dir='ltr'>penebentr</span> <span class='ocrx_word' id='word_1_296' title='bbox 1887 4299 2005 4388; x_wconf 70' lang='lat' dir='ltr'>mieux=</span> 
     </span>
     <span class='ocr_line' id='line_1_31' title="bbox 576 4381 1982 4483; baseline 0.014 -33"><span class='ocrx_word' id='word_1_297' title='bbox 576 4463 581 4474; x_wconf 26' lang='grc' dir='ltr'>ι</span> <span class='ocrx_word' id='word_1_298' title='bbox 649 4382 768 4474; x_wconf 74' lang='lat' dir='ltr'>dirigds</span> <span class='ocrx_word' id='word_1_299' title='bbox 784 4381 949 4459; x_wconf 80' lang='lat' dir='ltr'>n’eurs&#39;ent</span> <span class='ocrx_word' id='word_1_300' title='bbox 966 4393 1102 4482; x_wconf 86' lang='lat' dir='ltr'>produit</span> <span class='ocrx_word' id='word_1_301' title='bbox 1120 4393 1161 4461; x_wconf 88' lang='lat' dir='ltr'>de</span> <span class='ocrx_word' id='word_1_302' title='bbox 1178 4397 1315 4483; x_wconf 75' lang='lat' dir='ltr'>grandes</span> <span class='ocrx_word' id='word_1_303' title='bbox 1330 4407 1453 4464; x_wconf 78' lang='lat' dir='ltr'>vertue.</span> <span class='ocrx_word' id='word_1_304' title='bbox 1976 4429 1982 4438; x_wconf 91' lang='lat'><strong>·</strong></span> 
     </span>
    </p>
   </div>
   <div class='ocr_carea' id='block_1_6' title="bbox 0 0 2268 5860">
    <p class='ocr_par' dir='ltr' id='par_1_6' title="bbox 0 0 2268 5860">
     <span class='ocr_line' id='line_1_32' title="bbox 0 0 2268 5860; baseline 0 0"><span class='ocrx_word' id='word_1_305' title='bbox 0 0 2268 5860; x_wconf 95' lang='lat' dir='ltr'> </span> 
     </span>
    </p>
   </div>
  </div>
 </body>
</html>
