4517 5867
653 618 705 707 rs
883 609 903 666 Γ
992 612 1223 689 amulam
1246 615 1310 686 ns
1331 614 1670 689 srmrnounm

650 805 855 907 tenebrae,
881 827 1023 888 verum
1050 805 1170 886 etiam
1191 802 1475 889 detrimentum
1496 831 1637 915 mpare
1665 805 1867 892 caudicem
1884 822 2001 890 ascen

652 930 810 1012 dentem
831 929 909 1011 luci
933 929 1169 1038 expositum.
1942 963 1946 971 ·

702 1115 760 1196 5⁰.
792 1117 1013 1198 Beneficam
1044 1117 1144 1198 lucis
1176 1113 1403 1198 facultatem
1435 1117 1478 1198 in
1506 1113 1653 1228 plantis
1669 1114 1952 1226 ,absorptionis
1983 1135 2024 1198 et

649 1241 879 1326 secretionis
899 1239 1123 1342 incitandae,
1151 1268 1236 1321 esse
1264 1258 1467 1322 auctorem
1484 1237 1672 1320 facilioris
1690 1255 1729 1320 et
1749 1240 1947 1324 celerioris
1967 1242 2025 1325 in·

649 1366 839 1447 crementi
854 1364 1104 1473 plantarum,
1123 1364 1167 1446 in
1184 1363 1412 1475 regionibus
1429 1362 1511 1444 sole
1530 1363 1752 1474 plurimum
1770 1363 2023 1446 collustratis.

664 1553 667 1562 '
700 1546 760 1626 6⁰.
781 1545 885 1630 Cum
901 1552 1043 1658 plantae
1058 1551 1100 1631 in
1119 1548 1294 1633 tenebris
1306 1550 1377 1635 vix
1394 1563 1435 1630 et
1446 1548 1558 1631 nullo
1573 1548 1734 1659 qrridem
1749 1537 1868 1630 modo
1878 1549 2027 1630 absor-

648 1669 767 1752 beant
783 1673 941 1754 acidum
961 1672 1240 1776 carbonicum,
1257 1690 1299 1758 et
1321 1673 1557 1783 absorptum
1578 1672 1791 1753 difficulter
1813 1671 2025 1780 decompo-

647 1811 766 1897 nant,
783 1823 871 1902 quae
888 1799 931 1873 in
953 1795 1128 1879 tenebris
1150 1797 1400 1898 adolescunt,
1421 1797 1549 1878 multo
1572 1796 1708 1878 minus
1728 1791 1907 1876 cerbonii
1927 1821 2023 1875 oon·

647 1916 774 1996 tinere
794 1916 951 2031 plantas
973 1943 1096 2030 quam
1118 1919 1163 1994 in
1183 1899 1272 1996 lure
1293 1935 1524 2002 crescentes.
1625 1945 1630 1958 ·

657 2163 663 2174 .
700 2115 758 2206 7⁰.
781 2097 885 2184 Cum
902 2125 1030 2208 neque
1043 2099 1086 2183 in
1098 2097 1241 2178 umbra
1255 2116 1294 2180 et
1302 2100 1430 2190 multo
1440 2095 1574 2180 minus
1587 2101 1631 2181 in
1643 2099 1840 2203 tenebris,
1859 2128 2022 2211 aquam,

647 2213 806 2298 acidum
820 2219 1091 2310 cerbonicmn,
1106 2236 1285 2314 arctum,
1298 2222 1383 2300 sive
1401 2249 1451 2300 ex
1466 2223 1592 2301 humo
1607 2221 1826 2294 haurienda
1843 2225 1886 2295 in
1904 2246 2023 2300 sunm

646 2362 768 2450 naum
794 2348 1026 2418 convertant
1044 2332 1211 2440 plantae,
1228 2330 1292 2410 his
1315 2331 1359 2420 in
1382 2329 1527 2422 umbri
1553 2330 1617 2416 vel
1643 2333 1817 2426 tenebris
1839 2366 2019 2421 crescen-

645 2457 755 2540 tibus
775 2454 970 2568 principia
991 2451 1175 2564 proxima
1201 2479 1312 2532 mero
1338 2451 1586 2564 hydrogenio
1617 2454 1825 2537 carbonico
1852 2476 1893 2540 et
1920 2491 2023 2581 oxy.

501 2629 503 2634 -
648 2581 763 2690 genio
792 2583 857 2663 vel
876 2579 941 2662 his
967 2577 1153 2685 adjuncto
1173 2574 1301 2656 multo
1329 2593 1462 2678 azoto,
1491 2576 1693 2686 copulata,
1721 2560 1869 2688 quibus
1897 2583 2023 2692 plenae

646 2720 743 2786 sunt
758 2705 965 2814 regionum
982 2700 1201 2782 calidarum
1212 2699 1357 2806 plantae
1366 2696 1581 2808 indigenae,
1598 2718 1668 2782 aut
1684 2701 1844 2808 penitus
1864 2703 2021 2806 deesse,

647 2843 717 2907 aut
738 2823 1003 2906 diversimode
1022 2836 1175 2902 mutata
1194 2818 1387 2942 inhaerere
1410 2847 1456 2902 eo
1476 2819 1604 2938 magis
1635 2849 1717 2932 quo
1741 2821 2021 2934 profundiores

647 2945 829 3030 tenebras
845 2951 1021 3050 expertae
1039 2948 1145 3018 sunt.

701 3125 760 3208 8⁰.
778 3127 884 3210 Cum
907 3119 1101 3232 quidquid
1122 3116 1361 3214 absorbeant
1385 3118 1529 3228 plantae
1551 3118 1634 3202 fere
1652 3149 1771 3204 omne
1796 3128 2018 3236 oxydatum

647 3251 716 3352 sit,
732 3251 774 3332 in
791 3247 933 3329 umbrat
946 3260 1079 3326 autem
1097 3260 1137 3323 et
1153 3240 1326 3322 tenebris
1339 3269 1484 3351 parum
1499 3261 1569 3326 aut
1585 3245 1687 3327 nihil
1697 3252 1885 3357 oxygenii
1897 3257 2016 3334 emit-

647 3389 754 3474 tant,
781 3371 935 3479 plantas
962 3367 1004 3448 in
1033 3362 1207 3448 tenebris
1233 3381 1274 3445 et
1301 3363 1445 3447 umbri
1467 3366 1623 3452 adultas
1653 3397 1793 3478 parare
1824 3373 2017 3487 principia

645 3493 853 3603 proxima,
879 3489 1007 3576 solitis
1036 3489 1269 3600 plerumque
1298 3488 1425 3600 magis
1454 3490 1654 3597 oxydata‚
1675 3508 1794 3601 atque
1820 3523 1867 3574 eo
1894 3498 2016 3582 acidis

646 3615 794 3699 diversi
814 3611 968 3724 generis
987 3610 1151 3691 ditiores
1168 3637 1276 3712 esse,
1294 3637 1373 3728 quo
1392 3609 1525 3695 minus
1546 3609 1632 3694 luce
1651 3610 1781 3696 fruitae
1798 3634 1904 3695 sunt.

696 3816 757 3910 9⁰.
785 3795 890 3880 Cum
913 3795 1073 3906 gravius
1101 3810 1358 3900 corrumpant
1384 3792 1555 3878 tenebrae
1584 3787 1871 3877 exhalationem
1899 3827 2013 3910 aquae

645 3947 767 4028 quam
788 3919 964 4026 ejusdem
987 3917 1303 4038 absorptionem,
1325 3916 1418 3996 hinc
1436 3917 1480 3996 in
1498 3915 1672 4014 tenebris
1694 3918 1848 4028 plantas
1871 3951 2015 4030 parare

645 4041 839 4156 principia
855 4042 1038 4153 proxima
1057 4041 1190 4134 minus
1209 4039 1350 4142 firma,
1368 4039 1494 4149 magis
1515 4038 1679 4123 humida
1697 4060 1737 4122 et
1753 4043 1899 4124 mollia.

704 4243 783 4310 10⁰.
803 4225 1034 4309 Cavendum
1043 4221 1129 4306 esse
1138 4253 1188 4305 ne
1198 4224 1241 4305 in
1251 4223 1414 4332 quasvis
1426 4221 1582 4332 plantas
1598 4223 1754 4307 easdem
1764 4225 2013 4309 vires'lucem

643 4364 713 4428 aut
732 4339 913 4432 tenebras
934 4373 1114 4427 exercere
1130 4363 1378 4447 statamus,
1405 4363 1475 4426 aut
1503 4343 1832 4457 absolutehujus
1856 4350 2012 4433 illiusve

644 4468 830 4579 principii
847 4468 989 4577 genesi.
999 4466 1148 4561 farere3
1165 4463 1320 4546 fructus
1336 4466 1461 4570 enim,
1473 4465 1544 4574 qui
1562 4467 1651 4554 luce
1667 4470 1731 4552 usi
1747 4472 1920 4562 multum
1932 4501 2015 4553 sac·
