4517 5867
488 555 732 628 RFSPONSIO
746 555 821 624 -tn
844 553 1155 644 QUAESTIONEM·
1168 557 1407 630 PHYHCAM.
1603 559 1665 665 36,

289 764 466 876 negativo
484 713 642 862 ratione·
653 761 908 873 hydrogenii‚
928 760 1035 873 quod
1049 789 1079 842 a
1092 763 1184 874 polo
1201 716 1348 846 recedit
1365 765 1418 849 ad
1435 796 1555 877 quam
1573 771 1651 860 01¹1.

287 891 447 1002 genium
464 885 601 968 tendit.

339 1045 682 1160 Animadvertitur
701 1099 858 1187 quoque
882 1102 931 1155 ex
956 1071 1032 1157 hoc
1059 1077 1240 1188 oxigenio
1267 1076 1504 1187 superoxida
1534 1079 1653 1161 etiam

290 1199 446 1283 facibus
470 1200 639 1283 obtineri
666 1227 785 1309 quam
809 1198 945 1298 orrida,
975 1216 1014 1279 et
1036 1200 1222 1281 adhibitis
1246 1201 1374 1280 cxidis
1397 1201 1655 1310 superoxida,

291 1353 381 1434 quae
402 1325 477 1403 alia
501 1324 652 1403 ratione
674 1261 1003 1430 supercxidorirm
1025 1340 1209 1407 naturam
1227 1323 1390 1406 induere
1406 1352 1487 1404 non
1505 1325 1657 1464 pctuis-

290 1461 388 1525 sent.
408 1449 545 1554 Itaque
562 1473 643 1523 non
661 1446 704 1524 in
722 1473 842 1524 usum
849 1443 1060 1526 vocanda
1058 1463 1118 1526 est
1130 1475 1244 1556 aqua
1268 1462 1313 1526 ut
1339 1444 1547 1530 humidae
1536 1463 1657 1528 mter-

213 1595 218 1600 ·
288 1566 503 1678 positiones
523 1567 813 1675 compleantur3
840 1564 908 1648 sed
932 1579 977 1650 ut
1000 1563 1119 1671 fluida
1145 1567 1195 1648 ad
1222 1560 1417 1650 chemicas
1439 1567 1657 1652 reactiones

289 1687 564 1800 impellantur,
583 1706 621 1794 et
640 1687 806 1769 fortasse
834 1691 952 1772 etiam
979 1707 1025 1771 ut
1052 1691 1137 1800 'eJus
1155 1690 1358 1774 auxilio
1319 1721 1385 1774 vra
1407 1689 1656 1772 translatoris

289 1809 503 1930 habeatur,
531 1828 648 1922 atque
684 1829 729 1893 ut
758 1809 996 1922 impediatur
1025 1801 1075 1896 ne
1098 1843 1239 1896 rursus
1272 1813 1340 1896 fiat
1373 1816 1657 1894 elementorum

291 1933 538 2042 compalatic.
570 1985 573 1998 ·

335 2137 451 2219 Fieri
474 2140 593 2220 etiam
616 2151 748 2250 potest
771 2152 816 2220 ut
840 2143 1008 2224 fluidum
1033 2142 1279 2243 electricum,
1306 2167 1397 2223 cum
1423 2168 1505 2221 non
1531 2130 1659 2249 possit

201 2293 205 2300 ¹
293 2285 374 2337 non
393 2260 471 2336 nisi
493 2260 630 2340 leviter
655 2271 947 2370 corpora,'quae
967 2266 1115 2371 liquida
1137 2293 1219 2343 ncn
1243 2282 1355 2362 sunt,
1374 2263 1657 2370 perstringere,

230 2479 237 2498 δ
295 2409 422 2490 neque
441 2408 606 2490 corpora
629 2389 742 2490 aqnae
765 2381 1036 2482 substrahere,
1059 2383 1454 2494 eamdecomponere
1476 2401 1658 2494 cogatur,
1771 2409 1780 2420 ·

293 2519 339 2580 ut
366 2501 450 2584 haec
476 2504 652 2610 attingat.
677 2507 807 2612 Atque
833 2533 1046 2614 corporum
1072 2505 1256 2586 susorum
1283 2507 1562 2613 decompositio
1588 2531 1659 2612 per

292 2623 530 2722 caloricum,
562 2625 685 2706 veluti
717 2627 900 2706 muriatis
933 2625 1037 2708 sodes
1070 2627 1112 2706 in
1153 2627 1334 2707 chlorum
1365 2643 1405 2706 et
1430 2624 1473 2705 in
1502 2626 1659 2706 sodium

290 2747 461 2824 multum
474 2745 524 2826 ad
539 2747 640 2828 hanc
651 2749 950 2858 explicationem
960 2749 1123 2830 confert.
1146 2753 1334 2830 Attamen
1344 2777 1455 2858 aquae
1464 2775 1660 2829 concursu

294 2887 459 2969 corpora
485 2869 734 2962 defflmpomit
764 2899 851 2960 queo
876 2873 920 2934 in
947 2872 1022 2932 hoo
1050 2871 1200 2960 liquido
1230 2873 1408 2942 obuoluto
1436 2869 1660 2944 luttolUblliti

293 2984 500 3076 videntur,
513 2993 552 3055 et
567 3003 738 3084 quorum
750 2974 926 3082 profecto
942 2972 1033 3080 plus
1051 2975 1234 3066 minusve
1250 2975 1486 3057 solutionem
1504 2986 1656 3066 excitat.

293 3105 435 3186 Dicere
454 3125 611 3210 quoque
625 3095 718 3176 licet
737 3123 838 3204 aqua
856 3093 1102 3174 irrorationis
1113 3090 1387 3205 ,fusionisque
1410 3103 1611 3186 calorico
1597 3138 1658 3215 Ju-

294 3253 380 3311 varr
368 3223 512 3352 fluidi
527 3219 712 3318 ductum,
734 3233 846 3296 motu
863 3217 906 3298 in
922 3216 1186 3298 retardatione
1202 3220 1402 3328 requisita.

348 3417 396 3495 In
419 3437 652 3501 universum
678 3408 775 3488 satis
792 3406 1063 3488 commendata
1084 3423 1147 3488 est
1174 3407 1260 3488 haec
1285 3410 1440 3518 opinio,
1468 3415 1661 3500 columma

233 3517 236 3524 ’
295 3536 419 3616 fluido
433 3535 586 3615 nullam
603 3533 720 3618 aliam
728 3531 923 3640 originem
941 3529 1130 3630 adscribi,
1144 3559 1266 3640 quam
1283 3533 1479 3616 interduo
1494 3565 1659 3648 corpora

296 3673 544 3754 contactum,
574 3681 660 3762 quae
689 3650 1033 3732 combustibiliuate
1062 3645 1218 3734 diversa
1242 3655 1425 3771 gaudent.
1455 3661 1514 3739 Ita
1540 3664 1660 3743 sentit

296 3779 435 3868 doctus
455 3776 713 3886 physicarum
733 3774 986 3856 scientiarum
1003 3773 1204 3883 professor
1220 3768 1404 3858 Sentelet
1413 3781 1658 3919 Intelligitur

295 3917 429 3982 antem
453 3896 748 4004 inhujusmcdi
772 3895 985 4006 hypothesi
1015 3895 1128 3976 fluidi
1157 3898 1326 3977 electrici
1348 3902 1587 3986 activitatem
1614 3907 1658 3988 in

300 4047 510 4126 corporum
524 4018 854 4125 decompositione
871 4016 1029 4098 effectui
1041 4024 1149 4098 mere
1164 4017 1391 4100 mechanico
1408 4021 1658 4108 tribuendam
1683 4017 1685 4021 ’

300 4167 397 4220 esse.
412 4143 568 4223 Etenim
579 4169 670 4222 cum
685 4139 847 4248 ponitur
862 4137 1026 4222 fluidum
1044 4167 1136 4218 cum
1150 4146 1317 4251 corpore
1330 4144 1583 4229 comburente
1596 4146 1657 4229 in'·

302 4262 398 4342 time
408 4262 658 4367 copularimt
680 4261 835 4371 corpori
852 4260 1125 4344 -combustibili
1143 4261 1437 4366 substralutur,
1454 4297 1536 4349 non
1547 4269 1656 4350 unde

299 4379 472 4492 profluat
489 4398 664 4492 apparet,
675 4399 718 4466 ut
734 4385 883 4494 jactura
898 4383 1147 4502 resaciauur,
1163 4389 1294 4501 Atque
1302 4406 1508 4499 propterea
1526 4392 1655 4485 solum

1469 4514 1502 4586 5.
