4517 5867
632 611 711 698 adii
888 611 895 620 '
1007 594 1163 672 PETRI
1185 593 1282 666 JOS.
1305 587 1412 662 V'AN
1435 587 1538 658 matt
1557 579 1664 654 TON

640 785 781 869 dolent
798 787 854 863 'et
882 777 942 861 ilii
973 775 1071 885 ipsi,
1099 776 1172 884 qui
1189 767 1386 877 'eorporis
1415 787 1556 845 euram
1587 781 1727 864 gerere
1754 771 1797 836 et
1827 755 2005 838 remedia

638 905 848 1016 aegrotanti
871 899 1146 979 administrare
1171 888 1337 981 debent,
1353 883 1513 966 tristitii
1531 878 1779 966 afficiuntuu
1846 896 1850 899 ’

698 1020 911 1132 Quidquid
925 1036 1059 1098 tamen
1074 1039 1124 1093 ex
1138 1008 1291 1117 duplici
1304 1007 1372 1086 iila
1386 999 1717 1108 interpretatione
1737 1014 2007 1108 consequatur

637 1147 690 1230 ad
714 1167 928 1226 commune
951 1159 1110 1242 semper
1133 1127 1380 1238 principium
1400 1122 1522 1203 nobis
1545 1137 1605 1199 est
1628 1117 1922 1198 recurrendum
1940 1121 2005 1198 in-

638 1263 999 1374 vestigandumque
1018 1280 1103 1367 quo
1121 1278 1165 1332 se
1187 1245 1338 1329 referre
1360 1243 1457 1325 velit
1476 1243 1639 1337 Noster,
1660 1241 1732 1348 qui
1755 1265 1921 1319 omnem
1939 1266 2004 1317 ar·

640 1392 738 1497 ripit
756 1409 892 1468 ansam
909 1405 991 1486 qua
1008 1387 1270 1467 senectutem,
1288 1392 1411 1478 quam
1427 1363 1506 1445 sibi
1524 1358 1689 1442 laudare
1706 1362 1935 1468 proposuit,
1952 1358 2003 1440 de

640 1507 800 1590 meliori
823 1493 1087 1582 commendet.

1207 1666 1240 1804 s
1274 1658 1430 1766 [ΧΠ.

694 1933 846 2022 Verum
871 1936 1099 2019 enimvero
1121 1934 1194 2014 etsi
1218 1929 1352 2012 morbi
1373 1923 1564 2008 omnibns
1587 1917 1768 2004 aetatibus
1790 1917 1872 2001 sint
1893 1935 2003 2001 com·

641 2087 797 2164 munes,
812 2064 885 2142 etsi
904 2059 1124 2166 unicuique
1141 2077 1377 2162 supremum
1396 2043 1632 2127 obeundum
1646 2045 1699 2128 sit
1714 2039 1852 2139 fatum,
1867 2045 1910 2122 in
1925 2041 2004 2120 hoe

641 2182 813 2262 manime
838 2194 994 2287 praestat
1018 2201 1141 2256 senex
1156 2173 1313 2281 juveni,
1337 2167 1452 2280 quod
1475 2165 1648 2274 ille'jam
1672 2164 1744 2244 diu
1767 2162 1888 2264 vixit,
1908 2161 2008 2243 huic

502 2315 504 2322 '
642 2301 774 2382 adhue
795 2301 877 2379 vita
901 2314 961 2376 est
986 2291 1259 2402 exspectanda.
1285 2292 1427 2398 Sperat
1448 2286 1615 2398 quidem
1637 2283 1795 2393 juvenis
1818 2311 1866 2362 se
1884 2284 2006 2390 longi

604 2433 607 2440 ⁴
640 2419 861 2502 fruiturum
882 2443 967 2497 esse
986 2417 1083 2515 vita,
1106 2408 1220 2524 quod
1240 2437 1362 2490 senex
1379 2435 1462 2487 non
1484 2406 1656 2514 amplius
1680 2429 1840 2514 sperare
1860 2418 2004 2512 potest.
2078 2471 2083 2480 ,

642 2541 724 2624 Sed
738 2539 802 2620 hie
813 2538 895 2646 jam
909 2551 1147 2616 consecutus
1161 2548 1237 2632 est,
1252 2527 1366 2640 quod
1379 2527 1447 2607 ille
1460 2525 1563 2606 forte
1580 2528 1778 2606 ineassum
1794 2541 2005 2632 exspectat.

641 2693 663 2734 a
683 2665 735 2738 At
752 2673 885 2764 sperat
904 2653 1149 2738 adolescens.
1174 2652 1247 2730 diu
1270 2679 1312 2730 se
1331 2650 1557 2745 victurum3
1579 2644 1692 2757 quod
1711 2671 1869 2752 sperare
1888 2644 2001 2724 idem

623 2805 762 2894 ‚senex
781 2803 865 2857 non
884 2769 1034 2882 potest!
1053 2773 1292 2878 insipienter
1307 2782 1461 2878 sperat3
1475 2767 1576 2878 quid
1587 2768 1696 2848 enim
1710 2764 1868 2846 stultius
1878 2791 2001 2876 quam

639 2901 792 2980 incerta
806 2921 882 3004 pro
900 2895 1020 2974 certis
1035 2891 1200 2992 habere,
1218 2889 1313 2970 falsa
1324 2917 1401 2997 pro
1418 2890 1545 2970 veris?
1556 2890 1704 2991 Senex,
1720 2915 1773 2968 ne
1792 2886 1905 2995 quod
1921 2915 2004 2996 spe·

638 3015 903 3127 estquidam,
925 3009 1057 3092 habet.
1076 3017 1130 3092 At
1150 3022 1210 3091 est
1227 3039 1277 3091 eo
1296 3010 1463 3090 meliore
1485 3010 1741 3107 conditione,
1763 3035 1884 3120 quam
1904 3009 2001 3090 ado-

637 3141 946 3248 lescenszquum
954 3132 996 3213 id
1007 3132 1143 3242 ,quod
1160 3129 1227 3212 iile
1246 3149 1398 3240 sperat,
1411 3131 1477 3212 hie
1491 3132 1574 3240 jam
1586 3147 1825 3212 consecutus
1839 3147 1909 3212 est.
1930 3130 2001 3212 Ille

637 3257 727 3338 vult
740 3255 813 3337 diu
826 3256 961 3337 vivere
975 3283 984 3332 ε
998 3253 1064 3332 hie
1077 3251 1151 3333 diu
1163 3254 1273 3332 vixit.
1288 3285 1309 3327 a
1321 3253 1418 3361 Cap·
1438 3279 1495 3365 ¹9·
1508 3262 1534 3356 §
1546 3250 1610 3334 68.
1625 3254 1724 3362 Spes
1737 3255 1847 3333 enirn
1859 3253 1999 3361 saepins

636 3405 715 3460 nos
738 3375 872 3456 hilare
895 3389 1051 3482 potest3
1074 3401 1170 3451 narn
1190 3369 1292 3451 iliud
1314 3372 1426 3483 quod
1450 3372 1567 3452 alacri
1592 3371 1728 3454 anirno
1748 3400 1853 3481 saepe
1872 3368 1998 3481 adop·

636 3517 786 3599 tamus,
797 3496 840 3574 in
853 3495 1021 3603 spe'ipsd
1037 3495 1244 3573 evanescit.
1256 3495 1363 3573 Vera
1377 3494 1513 3603 itaque
1534 3512 1595 3575 su
1608 3479 1804 3575 sententia
1817 3491 2000 3597 taciani,

636 3620 709 3726 qui
727 3617 928 3698 existimat
941 3641 1054 3720 spem
1072 3641 1194 3721 supra
1208 3628 1330 3721 caput
1344 3617 1501 3721 agitari,
1517 3615 1683 3724 quando
1706 3640 1803 3695 vero
1825 3617 1997 3694 maxime

610 3733 614 3740 “
634 3759 863 3844 speremus,
883 3761 957 3814 nos
975 3725 1086 3813 illam
1104 3761 1189 3814 esse
1207 3735 1821 3843 comprehensuros‚avolantem
1834 3759 1992 3814 evanes-

634 3884 738 3938 cere.
747 3869 788 3938 At
797 3859 916 3947 ἐλπίδες
927 3869 1001 3962 ὑπὲρ
1010 3878 1066 3946 τῆς
1075 3873 1207 3960 κεφαλῆς
1220 3868 1436 3963 αἰωρούμεναι,
1447 3875 1523 3940 ὅταν
1535 3864 1680 3965 psidie&
1696 3865 1736 3936 ἄν
1750 3893 1805 3944 τις
1816 3865 1917 3941 οἴηται
1925 3870 1992 3935 iut-

636 3985 787 4081 λήψεσθαι
797 3992 912 4070 αὐτῶν,
924 3987 1061 4080 οἴχονται
1071 3981 1310 4079 ἀποπτάμεναι(
1315 3978 1361 4080 1).
1371 3976 1525 4058 Idcirco
1533 3969 1663 4080 senen,
1672 3975 1744 4055 ubi
1752 3971 1834 4087 jam
1843 3978 1995 4058 suavis·

590 4155 598 4166 ,
636 4099 760 4180 simos
773 4123 821 4175 ex
834 4097 1019 4178 anteacti
1029 4093 1741 4204 vitdpereepitfructus,eonstantiori
1751 4099 1887 4178 animo
1899 4125 1996 4178 mox

633 4245 727 4298 eum
751 4214 1027 4322 adgressurum
1053 4233 1254 4324 exspectat
1277 4235 1475 4322 mortem,
1496 4217 1729 4299 reeordatus
1752 4218 1819 4299 iila
1843 4218 1993 4328 quibus
2051 4269 2054 4271 Δ

678 4445 726 4537 (ι)
748 4448 930 4517 Lucmws
943 4447 992 4518 De
1003 4445 1176 4520 sacrificiis
1185 4448 1284 4518 Tem.
1298 4451 1357 4518 111.
1370 4473 1445 4542 pag.
1460 4453 1514 4520 66.
1524 4471 1577 4540 sq.
1588 4451 1724 4542 Bipont.
1740 4529 1746 4538 ¹
