4517 5867
449 521 698 600 ιιιειοιιιιο
720 521 787 592 ιιι
809 517 1121 612 oomnoum
1144 522 1420 597 nmamcru
1575 525 1624 618 ιι

256 717 409 802 duabus
426 715 616 828 ‘partibus
636 727 813 814 constat,
831 709 981 792 scilicet
996 709 1117 810 terris
1136 712 1251 819 puris
1276 729 1317 792 et
1342 714 1627 826 reliquiisani.

257 842 421 924 malium
448 856 489 922 et
518 837 808 951 vegetabilium.
837 834 916 918 Sed
943 863 1035 918 cum
1064 861 1202 916 omnes
1230 833 1374 943 plantae
1401 842 1628 924 contineant

257 965 443 1050 materias
471 979 650 1046 terrenas
678 978 718 1044 et
736 961 905 1066 salinas,
926 959 995 1056 hae,
1009 958 1135 1044 veluti
1163 985 1301 1042 earum
1328 976 1463 1068 partes
1481 968 1629 1047 consti·

257 1104 413 1170 tuentes
439 1085 630 1170 habendas
652 1102 767 1184 sunt;
788 1101 827 1164 et
848 1083 939 1194 quis
959 1081 1073 1184 facile
1095 1111 1178 1166 non
1203 1079 1412 1166 crediderit
1432 1085 1563 1168 solum
1585 1088 1632 1170 in

161 1235 173 1252 ·
263 1239 343 1320 quo
360 1211 505 1319 plantae
524 1226 725 1312 crescunt,
745 1207 917 1290 multum
935 1205 1155 1290 influerein
1174 1207 1473 1317 proportionem
1485 1210 1632 1292 harum

261 1319 575 1444 substantiarum
584 1349 831 1412 terrenarum
845 1346 885 1410 et
896 1330 1286 1415 salinarumiSolum
1294 1359 1450 1443 semper
1458 1336 1634 1422 continet

260 1455 356 1536 salia
375 1483 466 1566 quae
483 1454 526 1539 in
543 1455 699 1564 plantas
718 1472 842 1566 agunt
861 1471 900 1536 et
919 1455 1209 1566 vegetationem
1224 1455 1412 1566 incitant,
1428 1445 1635 1542 absorberi

260 1577 446 1662 videntur
465 1607 489 1658 a
509 1578 654 1690 plantis
673 1607 773 1688 quas
795 1577 1062 1676 corroborant.
1102 1670 1104 1679 ¹

313 1768 479 1848 Summa
494 1783 556 1848 est
571 1769 759 1878 oxygonii
747 1767 965 1873 efficacia,
986 1769 1065 1878 qud
1082 1767 1126 1849 in
1145 1781 1329 1850 contactu
1340 1793 1434 1850 cum
1451 1762 1637 1876 partibus
1654 1854 1656 1859 ,

261 1891 540 2010 vegetabilium
553 1893 721 1975 mortuis
736 1921 785 1972 ex
797 1893 861 1972 his
871 1892 1104 2008 carboniam
1118 1893 1242 1993 elicit,
1255 1909 1294 1969 et
1312 1891 1371 1972 sic
1380 1890 1539 1977 acidum
1551 1919 1638 1973 oar·

260 2003 459 2096 bonicum
475 2018 689 2100 constituit.
709 2017 794 2096 Hac
820 2015 973 2096 ratione
999 2030 1106 2094 terre
1132 1952 1361 2122 vegetabilis
1389 2013 1638 2123 largissimus

262 2135 365 2222 acidi
385 2137 584 2220 carbonici
605 2154 666 2217 est
686 2136 797 2242 lons,
814 2166 897 2217 non
917 2135 1139 2217 subsistens
1148 2150 1398 2246 ,antequam
1418 2139 1506 2246 ipsa
1521 2139 1641 2248 plane

266 2255 467 2334 destructa
486 2261 548 2330 sit.
574 2259 687 2328 Idam
707 2259 755 2328 ds·
776 2196 1005 2337 detractivis
1031 2253 1313 2354 vegetabilium
1336 2257 1518 2357 partibus
1545 2283 1640 2339 oon·

257 2389 362 2496 vatat,
381 2397 553 2482 quarum
570 2367 613 2452 in
631 2369 726 2450 fimo
745 2371 967 2479 praesertim
987 2397 1132 2482 magna
1148 2369 1260 2452 adest
1277 2371 1400 2480 copia

321 2581 487 2664 Constat
514 2605 662 2700 aquam
690 2574 803 2658 acido
822 2561 1074 2656 sorbonico
1060 2592 1359 2686 impregnatam
1390 2579 1532 2689 majori
1551 2584 1642 2666 via
1683 2671 1687 2678 ,

209 2773 213 2782 ,
267 2694 493 2821 plantarum
514 2691 721 2784 radicibus
744 2687 905 2782 hauriri
925 2725 1047 2807 quam
1074 2725 1220 2808 aquam
1248 2727 1414 2809 puram,
1439 2719 1480 2783 et
1505 2705 1610 2785 tali
1597 2731 1641 2788 ιιι

267 2857 370 2934 aqua
401 2827 557 2935 plantas
591 2823 790 2904 celerius
780 2847 1007 2902 increscere.
1026 2825 1153 2902 Prout
1179 2849 1262 2902 non
1284 2824 1414 2902 omnis
1435 2829 1641 2929 proportio

270 2944 372 3026 acidi
385 2944 586 3022 carbonici
598 2935 696 3014 aori
702 2943 1006 3047 asmospheertco
1017 2936 1452 3074 amnrxti‚vegetationi
1465 2941 1643 3049 prodest,

271 3071 330 3149 sic
333 3055 470 3146 etiam
487 3057 686 3140 nonnulla
711 3057 856 3165 plantae
879 3053 1014 3131 minus
1036 3049 1137 3172 bene
1155 3069 1339 3173 vegetant
1360 3058 1404 3136 in
1427 3065 1530 3170 aqua
1548 3093 1642 3174 per-

270 3188 375 3270 fecte
400 3187 468 3266 illo
488 3180 602 3264 acido
628 3167 826 3283 saturati,
845 3174 914 3258 sed
936 3173 1086 3285 optime
1111 3173 1155 3256 iu
1174 3161 1249 3256 teli
1272 3193 1359 3284 quse
1381 3181 1528 3271 minori
1553 3187 1641 3296 ejus

274 3309 494 3424 quandam
512 3320 574 3388 est
589 3301 754 3394 imbuta

330 3498 526 3582 Universa
550 3487 672 3575 statui
692 3517 810 3602 posse
826 3487 1005 3594 videtur,
1023 3489 1176 3572 nullam
1192 3454 1340 3572 terram
1362 3518 1457 3574 vere
1458 3439 1645 3584 fertilem

278 3650 384 3718 esse,
403 3620 483 3700 nisi
505 3601 593 3726 quae
604 3612 864 3696 sufficientem
882 3612 984 3690 acidi
1004 3611 1203 3692 carbonici
1228 3614 1491 3720 quantitatem
1508 3619 1646 3728 largiri

278 3744 414 3858 possit.
435 3742 551 3822 Certe
570 3765 619 3816 ex
638 3735 744 3816 terra
760 3732 1025 3846 vegetabili
990 3733 1094 3814 aeris
1115 3750 1299 3817 contactu
1317 3737 1515 3820 evolvitur
1533 3759 1645 3830 uota·

279 3865 370 3947 bilis
386 3863 507 3972 hujus
527 3858 629 3944 acidi
652 3855 885 3998 quantitas,
901 3882 989 3964 quae
1013 3857 1161 3964 partim
1183 3883 1288 3965 aqua
1314 3874 1461 3958 terram
1483 3861 1646 3946 humec-

280 4004 389 4066 tante
408 3985 598 4084 solvitur,
614 3994 654 4060 et
679 3981 722 4062 in
745 3979 790 4076 ed
813 3976 1015 4059 retinetur.
1045 3978 1190 4060 Omnis
1217 4004 1390 4095 quoque
1400 3978 1520 4064 limus
1540 3986 1647 4071 idem

283 4107 361 4191 hoc
381 4105 537 4186 acidum
553 4103 713 4211 largiter
734 4100 901 4201 evolvit,
916 4113 1034 4207 atque
1054 4114 1142 4178 tum
1161 4098 1324 4178 demum
1341 4105 1516 4186 materia
1531 4135 1649 4219 vege·

284 4227 425 4311 tabiles
442 4243 481 4305 et
499 4223 883 4331 animalesagrorum
899 4219 1142 4302 fertilitatem
1164 4239 1330 4330 augent,
1350 4228 1530 4332 quando,
1550 4231 1649 4312 inci.

288 4354 420 4464 piente
435 4345 645 4457 putredine
663 4361 871 4453 correptae,
887 4344 930 4426 in
946 4341 1143 4451 principia
1159 4360 1312 4426 remota
1321 4345 1593 4460 resolvuntur,
1610 4363 1668 4438 et'

288 4501 392 4561 nova
409 4469 613 4582 producta,
620 4466 819 4576 imprimis
836 4466 992 4550 acidum
1003 4465 1258 4572 carbunicam
1274 4468 1509 4580 largientem.
1526 4477 1532 4484 ’
