<?xml version="1.0" encoding="UTF-8"?>
<!DOCTYPE html PUBLIC "-//W3C//DTD XHTML 1.0 Transitional//EN"
    "http://www.w3.org/TR/xhtml1/DTD/xhtml1-transitional.dtd">
<html xmlns="http://www.w3.org/1999/xhtml" xml:lang="en" lang="en">
 <head>
  <title>
</title>
<meta http-equiv="Content-Type" content="text/html;charset=utf-8" />
  <meta name='ocr-system' content='tesseract 3.04.00' />
  <meta name='ocr-capabilities' content='ocr_page ocr_carea ocr_par ocr_line ocrx_word'/>
</head>
<body>
  <div class='ocr_page' id='page_1' title='image "annalesacademia01goog_0103.png"; bbox 0 0 4517 5867; ppageno 0'>
   <div class='ocr_carea' id='block_1_1' title="bbox 474 487 1653 602">
    <p class='ocr_par' dir='ltr' id='par_1_1' title="bbox 474 487 1653 602">
     <span class='ocr_line' id='line_1_1' title="bbox 474 487 1653 602; baseline 0.009 -34"><span class='ocrx_word' id='word_1_1' title='bbox 474 493 720 568; x_wconf 79' lang='lat' dir='ltr'><strong>ursrousro</strong></span> <span class='ocrx_word' id='word_1_2' title='bbox 744 491 809 562; x_wconf 72' lang='lat' dir='ltr'><strong>eo</strong></span> <span class='ocrx_word' id='word_1_3' title='bbox 832 487 1145 582; x_wconf 74' lang='lat' dir='ltr'><strong>Qu&#39;AEsrloNEttt</strong></span> <span class='ocrx_word' id='word_1_4' title='bbox 1168 497 1410 573; x_wconf 76' lang='lat' dir='ltr'><strong>eorsum.</strong></span> <span class='ocrx_word' id='word_1_5' title='bbox 1607 519 1653 602; x_wconf 65' lang='grc' dir='ltr'>η</span> 
     </span>
    </p>
   </div>
   <div class='ocr_carea' id='block_1_2' title="bbox 278 701 1657 1426">
    <p class='ocr_par' dir='ltr' id='par_1_2' title="bbox 278 701 1657 1426">
     <span class='ocr_line' id='line_1_2' title="bbox 283 701 1653 814; baseline -0.005 -29"><span class='ocrx_word' id='word_1_6' title='bbox 283 701 442 814; x_wconf 81' lang='lat' dir='ltr'><strong>qrrisssl</strong></span> <span class='ocrx_word' id='word_1_7' title='bbox 454 701 578 801; x_wconf 86' lang='lat' dir='ltr'><strong>inest,</strong></span> <span class='ocrx_word' id='word_1_8' title='bbox 597 725 969 810; x_wconf 80' lang='lat' dir='ltr'><strong>qmmquumpure</strong></span> <span class='ocrx_word' id='word_1_9' title='bbox 985 701 1213 810; x_wconf 60' lang='lat' dir='ltr'><strong>est‚‚mnjor</strong></span> <span class='ocrx_word' id='word_1_10' title='bbox 1231 703 1351 784; x_wconf 84' lang='lat' dir='ltr'><strong>etiam</strong></span> <span class='ocrx_word' id='word_1_11' title='bbox 1372 733 1499 814; x_wconf 84' lang='lat' dir='ltr'><strong>quum</strong></span> <span class='ocrx_word' id='word_1_12' title='bbox 1508 709 1653 794; x_wconf 61' lang='lat' dir='ltr'><strong>acidis.</strong></span> 
     </span>
     <span class='ocr_line' id='line_1_3' title="bbox 281 823 1655 936; baseline 0.008 -30"><span class='ocrx_word' id='word_1_13' title='bbox 281 824 382 906; x_wconf 85' lang='lat' dir='ltr'><strong>sima</strong></span> <span class='ocrx_word' id='word_1_14' title='bbox 400 838 480 924; x_wconf 86' lang='lat' dir='ltr'><strong>est,</strong></span> <span class='ocrx_word' id='word_1_15' title='bbox 499 847 622 936; x_wconf 74' lang='lat' dir='ltr'><strong>quem</strong></span> <span class='ocrx_word' id='word_1_16' title='bbox 643 849 777 932; x_wconf 81' lang='lat' dir='ltr'><strong>quum</strong></span> <span class='ocrx_word' id='word_1_17' title='bbox 804 823 939 906; x_wconf 84' lang='lat' dir='ltr'><strong>minuo</strong></span> <span class='ocrx_word' id='word_1_18' title='bbox 961 823 1083 908; x_wconf 76' lang='lat' dir='ltr'><strong>eride.</strong></span> <span class='ocrx_word' id='word_1_19' title='bbox 1102 825 1227 935; x_wconf 78' lang='lat' dir='ltr'><strong>Atqui</strong></span> <span class='ocrx_word' id='word_1_20' title='bbox 1254 855 1347 908; x_wconf 88' lang='lat' dir='ltr'><strong>eum</strong></span> <span class='ocrx_word' id='word_1_21' title='bbox 1364 848 1519 912; x_wconf 86' lang='lat' dir='ltr'><strong>oonstet</strong></span> <span class='ocrx_word' id='word_1_22' title='bbox 1544 836 1655 935; x_wconf 67' lang='lat' dir='ltr'><strong>aeide</strong></span> 
     </span>
     <span class='ocr_line' id='line_1_4' title="bbox 280 945 1657 1056; baseline 0.004 -26"><span class='ocrx_word' id='word_1_23' title='bbox 280 947 423 1031; x_wconf 85' lang='lat' dir='ltr'><strong>melius</strong></span> <span class='ocrx_word' id='word_1_24' title='bbox 462 946 682 1030; x_wconf 75' lang='lat' dir='ltr'><strong>oondrmere</strong></span> <span class='ocrx_word' id='word_1_25' title='bbox 707 973 829 1056; x_wconf 80' lang='lat' dir='ltr'><strong>quem</strong></span> <span class='ocrx_word' id='word_1_26' title='bbox 855 945 992 1028; x_wconf 77' lang='lat' dir='ltr'><strong>uleelis</strong></span> <span class='ocrx_word' id='word_1_27' title='bbox 1016 964 1055 1027; x_wconf 92' lang='lat' dir='ltr'><strong>et</strong></span> <span class='ocrx_word' id='word_1_28' title='bbox 1081 947 1224 1047; x_wconf 77' lang='lat' dir='ltr'><strong>soles,</strong></span> <span class='ocrx_word' id='word_1_29' title='bbox 1244 947 1329 1034; x_wconf 76' lang='lat' dir='ltr'><strong>hec</strong></span> <span class='ocrx_word' id='word_1_30' title='bbox 1353 966 1488 1032; x_wconf 83' lang='lat' dir='ltr'><strong>autem</strong></span> <span class='ocrx_word' id='word_1_31' title='bbox 1514 957 1657 1038; x_wconf 83' lang='lat' dir='ltr'><strong>melius</strong></span> 
     </span>
     <span class='ocr_line' id='line_1_5' title="bbox 278 1069 1657 1183; baseline 0.004 -31"><span class='ocrx_word' id='word_1_32' title='bbox 278 1097 403 1180; x_wconf 81' lang='lat' dir='ltr'><strong>quam</strong></span> <span class='ocrx_word' id='word_1_33' title='bbox 440 1097 569 1180; x_wconf 75' lang='lat' dir='ltr'><strong>uque,</strong></span> <span class='ocrx_word' id='word_1_34' title='bbox 603 1069 805 1180; x_wconf 69' lang='lat' dir='ltr'><strong>probebsse</strong></span> <span class='ocrx_word' id='word_1_35' title='bbox 834 1085 893 1152; x_wconf 86' lang='lat' dir='ltr'><strong>est</strong></span> <span class='ocrx_word' id='word_1_36' title='bbox 929 1069 1307 1154; x_wconf 73' lang='lat' dir='ltr'><strong>oondeietibffitatem</strong></span> <span class='ocrx_word' id='word_1_37' title='bbox 1341 1073 1434 1183; x_wconf 84' lang='lat' dir='ltr'><strong>plus</strong></span> <span class='ocrx_word' id='word_1_38' title='bbox 1472 1073 1657 1157; x_wconf 83' lang='lat' dir='ltr'><strong>minusve</strong></span> 
     </span>
     <span class='ocr_line' id='line_1_6' title="bbox 280 1185 1657 1307; baseline 0.003 -33"><span class='ocrx_word' id='word_1_39' title='bbox 280 1195 657 1304; x_wconf 65' lang='lat' dir='ltr'><strong>magnanimorum</strong></span> <span class='ocrx_word' id='word_1_40' title='bbox 676 1185 920 1303; x_wconf 66' lang='lat' dir='ltr'><strong>tqnsorum</strong></span> <span class='ocrx_word' id='word_1_41' title='bbox 936 1219 1100 1278; x_wconf 61' lang='lat' dir='ltr'><strong>esuum</strong></span> <span class='ocrx_word' id='word_1_42' title='bbox 1129 1223 1215 1278; x_wconf 84' lang='lat' dir='ltr'><strong>esse</strong></span> <span class='ocrx_word' id='word_1_43' title='bbox 1242 1223 1293 1278; x_wconf 80' lang='lat' dir='ltr'><strong>ex</strong></span> <span class='ocrx_word' id='word_1_44' title='bbox 1319 1223 1399 1307; x_wconf 78' lang='lat' dir='ltr'><strong>qna</strong></span> <span class='ocrx_word' id='word_1_45' title='bbox 1424 1196 1657 1305; x_wconf 73' lang='lat' dir='ltr'><strong>hnjusmoffl</strong></span> 
     </span>
     <span class='ocr_line' id='line_1_7' title="bbox 284 1315 695 1426; baseline 0 -28"><span class='ocrx_word' id='word_1_46' title='bbox 284 1315 450 1403; x_wconf 72' lang='lat' dir='ltr'><strong>effectes</strong></span> <span class='ocrx_word' id='word_1_47' title='bbox 467 1317 695 1426; x_wconf 80' lang='lat' dir='ltr'><strong>penderent</strong></span> 
     </span>
    </p>
   </div>
   <div class='ocr_carea' id='block_1_3' title="bbox 278 1489 1676 3547">
    <p class='ocr_par' dir='ltr' id='par_1_3' title="bbox 278 1489 1676 3547">
     <span class='ocr_line' id='line_1_8' title="bbox 317 1489 1659 1616; baseline 0.003 -32"><span class='ocrx_word' id='word_1_48' title='bbox 317 1489 510 1585; x_wconf 80' lang='lat' dir='ltr'><strong>¹Chemioi</strong></span> <span class='ocrx_word' id='word_1_49' title='bbox 527 1503 791 1614; x_wconf 77' lang='lat' dir='ltr'><strong>Gay-busson</strong></span> <span class='ocrx_word' id='word_1_50' title='bbox 800 1519 840 1584; x_wconf 89' lang='lat' dir='ltr'><strong>et</strong></span> <span class='ocrx_word' id='word_1_51' title='bbox 848 1503 1038 1587; x_wconf 75' lang='lat' dir='ltr'><strong>The&#39;nnd</strong></span> <span class='ocrx_word' id='word_1_52' title='bbox 1052 1505 1334 1616; x_wconf 76' lang='lat' dir='ltr'><strong>experimentis</strong></span> <span class='ocrx_word' id='word_1_53' title='bbox 1352 1503 1576 1616; x_wconf 83' lang='lat' dir='ltr'>probarunt</span> <span class='ocrx_word' id='word_1_54' title='bbox 1594 1534 1659 1588; x_wconf 86' lang='lat' dir='ltr'><strong>oo-</strong></span> 
     </span>
     <span class='ocr_line' id='line_1_9' title="bbox 281 1621 1657 1742; baseline 0 -36"><span class='ocrx_word' id='word_1_55' title='bbox 281 1625 428 1708; x_wconf 86' lang='lat' dir='ltr'><strong>lumnae</strong></span> <span class='ocrx_word' id='word_1_56' title='bbox 447 1621 612 1706; x_wconf 78' lang='lat' dir='ltr'><strong>effectus</strong></span> <span class='ocrx_word' id='word_1_57' title='bbox 631 1627 850 1740; x_wconf 81' lang='lat' dir='ltr'><strong>quantitate</strong></span> <span class='ocrx_word' id='word_1_58' title='bbox 878 1627 982 1738; x_wconf 84' lang='lat' dir='ltr'><strong>gazis</strong></span> <span class='ocrx_word' id='word_1_59' title='bbox 1001 1627 1109 1742; x_wconf 87' lang='lat' dir='ltr'><strong>qnod</strong></span> <span class='ocrx_word' id='word_1_60' title='bbox 1136 1625 1357 1729; x_wconf 81' lang='lat' dir='ltr'><strong>obtinetur,</strong></span> <span class='ocrx_word' id='word_1_61' title='bbox 1385 1645 1657 1730; x_wconf 80' lang='lat' dir='ltr'><strong>mensuratos,</strong></span> 
     </span>
     <span class='ocr_line' id='line_1_10' title="bbox 280 1747 1657 1864; baseline 0.002 -38"><span class='ocrx_word' id='word_1_62' title='bbox 280 1775 360 1827; x_wconf 89' lang='lat' dir='ltr'><strong>non</strong></span> <span class='ocrx_word' id='word_1_63' title='bbox 379 1765 425 1828; x_wconf 92' lang='lat' dir='ltr'><strong>ut</strong></span> <span class='ocrx_word' id='word_1_64' title='bbox 452 1753 664 1831; x_wconf 89' lang='lat' dir='ltr'><strong>numerum</strong></span> <span class='ocrx_word' id='word_1_65' title='bbox 691 1750 851 1864; x_wconf 86' lang='lat' dir='ltr'><strong>parium</strong></span> <span class='ocrx_word' id='word_1_66' title='bbox 874 1777 1059 1843; x_wconf 84' lang='lat' dir='ltr'><strong>crescere.</strong></span> <span class='ocrx_word' id='word_1_67' title='bbox 1078 1751 1275 1862; x_wconf 82' lang='lat' dir='ltr'><strong>luprime</strong></span> <span class='ocrx_word' id='word_1_68' title='bbox 1292 1751 1560 1861; x_wconf 77' lang='lat' dir='ltr'><strong>experientis,</strong></span> <span class='ocrx_word' id='word_1_69' title='bbox 1584 1747 1657 1829; x_wconf 88' lang='lat' dir='ltr'><strong>du·</strong></span> 
     </span>
     <span class='ocr_line' id='line_1_11' title="bbox 279 1869 1657 1984; baseline -0.001 -35"><span class='ocrx_word' id='word_1_70' title='bbox 279 1869 433 1978; x_wconf 84' lang='lat' dir='ltr'><strong>plicatis</strong></span> <span class='ocrx_word' id='word_1_71' title='bbox 460 1871 646 1980; x_wconf 82' lang='lat' dir='ltr'><strong>paribus,</strong></span> <span class='ocrx_word' id='word_1_72' title='bbox 675 1869 837 1955; x_wconf 79' lang='lat' dir='ltr'><strong>eftectus</strong></span> <span class='ocrx_word' id='word_1_73' title='bbox 855 1902 936 1956; x_wconf 90' lang='lat' dir='ltr'><strong>non</strong></span> <span class='ocrx_word' id='word_1_74' title='bbox 963 1873 1259 1984; x_wconf 74' lang='lat' dir='ltr'><strong>duplicabatur,</strong></span> <span class='ocrx_word' id='word_1_75' title='bbox 1283 1889 1322 1953; x_wconf 90' lang='lat' dir='ltr'><strong>et</strong></span> <span class='ocrx_word' id='word_1_76' title='bbox 1338 1871 1499 1954; x_wconf 89' lang='lat' dir='ltr'><strong>nonnisi</strong></span> <span class='ocrx_word' id='word_1_77' title='bbox 1529 1869 1657 1950; x_wconf 85' lang='lat' dir='ltr'><strong>auctis</strong></span> 
     </span>
     <span class='ocr_line' id='line_1_12' title="bbox 279 1983 1657 2105; baseline 0 -35"><span class='ocrx_word' id='word_1_78' title='bbox 279 1993 402 2098; x_wconf 86' lang='lat' dir='ltr'><strong>octies</strong></span> <span class='ocrx_word' id='word_1_79' title='bbox 420 1993 583 2102; x_wconf 83' lang='lat' dir='ltr'><strong>paribus</strong></span> <span class='ocrx_word' id='word_1_80' title='bbox 602 1993 644 2076; x_wconf 86' lang='lat' dir='ltr'><strong>id</strong></span> <span class='ocrx_word' id='word_1_81' title='bbox 661 1992 813 2104; x_wconf 85' lang='lat' dir='ltr'><strong>obtigit.</strong></span> <span class='ocrx_word' id='word_1_82' title='bbox 834 1995 1034 2094; x_wconf 79' lang='lat' dir='ltr'><strong>Secunde,</strong></span> <span class='ocrx_word' id='word_1_83' title='bbox 1053 1995 1170 2076; x_wconf 82' lang='lat' dir='ltr'><strong>tertia</strong></span> <span class='ocrx_word' id='word_1_84' title='bbox 1188 2012 1227 2075; x_wconf 91' lang='lat' dir='ltr'><strong>et</strong></span> <span class='ocrx_word' id='word_1_85' title='bbox 1252 2011 1393 2105; x_wconf 79' lang='lat' dir='ltr'><strong>quarto</strong></span> <span class='ocrx_word' id='word_1_86' title='bbox 1415 1983 1657 2104; x_wconf 82' lang='lat' dir='ltr'><strong>experientia</strong></span> 
     </span>
     <span class='ocr_line' id='line_1_13' title="bbox 281 2109 1655 2225; baseline -0.004 -31"><span class='ocrx_word' id='word_1_87' title='bbox 281 2112 468 2216; x_wconf 81' lang='lat' dir='ltr'><strong>effeetus,</strong></span> <span class='ocrx_word' id='word_1_88' title='bbox 488 2115 560 2224; x_wconf 87' lang='lat' dir='ltr'><strong>qui</strong></span> <span class='ocrx_word' id='word_1_89' title='bbox 576 2114 628 2200; x_wconf 82' lang='lat' dir='ltr'><strong>eb</strong></span> <span class='ocrx_word' id='word_1_90' title='bbox 646 2116 722 2198; x_wconf 76' lang='lat' dir='ltr'><strong>luc</strong></span> <span class='ocrx_word' id='word_1_91' title='bbox 738 2117 823 2225; x_wconf 85' lang='lat' dir='ltr'><strong>lege</strong></span> <span class='ocrx_word' id='word_1_92' title='bbox 839 2109 946 2198; x_wconf 79' lang='lat' dir='ltr'><strong>lund</strong></span> <span class='ocrx_word' id='word_1_93' title='bbox 972 2115 1214 2198; x_wconf 77' lang='lat' dir='ltr'><strong>sensibiliter</strong></span> <span class='ocrx_word' id='word_1_94' title='bbox 1229 2117 1400 2216; x_wconf 77' lang='lat' dir='ltr'><strong>distant,</strong></span> <span class='ocrx_word' id='word_1_95' title='bbox 1424 2115 1655 2195; x_wconf 80' lang='lat' dir='ltr'><strong>attulemmt.</strong></span> 
     </span>
     <span class='ocr_line' id='line_1_14' title="bbox 287 2235 1658 2345; baseline -0.003 -27"><span class='ocrx_word' id='word_1_96' title='bbox 287 2236 415 2344; x_wconf 81' lang='lat' dir='ltr'><strong>igitur</strong></span> <span class='ocrx_word' id='word_1_97' title='bbox 433 2237 624 2318; x_wconf 73' lang='lat' dir='ltr'><strong>columne</strong></span> <span class='ocrx_word' id='word_1_98' title='bbox 650 2235 815 2316; x_wconf 80' lang='lat' dir='ltr'><strong>effectus</strong></span> <span class='ocrx_word' id='word_1_99' title='bbox 839 2240 1058 2317; x_wconf 79' lang='lat' dir='ltr'><strong>mensurati</strong></span> <span class='ocrx_word' id='word_1_100' title='bbox 1076 2238 1296 2344; x_wconf 72' lang='lat' dir='ltr'><strong>quontitate</strong></span> <span class='ocrx_word' id='word_1_101' title='bbox 1317 2236 1423 2345; x_wconf 77' lang='lat' dir='ltr'><strong>gazis</strong></span> <span class='ocrx_word' id='word_1_102' title='bbox 1439 2235 1552 2343; x_wconf 86' lang='lat' dir='ltr'><strong>quod</strong></span> <span class='ocrx_word' id='word_1_103' title='bbox 1570 2259 1658 2340; x_wconf 79' lang='lat' dir='ltr'><strong>pro·</strong></span> 
     </span>
     <span class='ocr_line' id='line_1_15' title="bbox 281 2354 1658 2466; baseline -0.002 -30"><span class='ocrx_word' id='word_1_104' title='bbox 281 2355 403 2455; x_wconf 82' lang='lat' dir='ltr'><strong>ducit,</strong></span> <span class='ocrx_word' id='word_1_105' title='bbox 413 2354 496 2438; x_wconf 83' lang='lat' dir='ltr'><strong>lere</strong></span> <span class='ocrx_word' id='word_1_106' title='bbox 504 2357 818 2466; x_wconf 82' lang='lat' dir='ltr'><strong>proportionales</strong></span> <span class='ocrx_word' id='word_1_107' title='bbox 826 2375 920 2440; x_wconf 87' lang='lat' dir='ltr'><strong>sunt</strong></span> <span class='ocrx_word' id='word_1_108' title='bbox 933 2358 1057 2440; x_wconf 79' lang='lat' dir='ltr'><strong>radici</strong></span> <span class='ocrx_word' id='word_1_109' title='bbox 1071 2357 1218 2440; x_wconf 85' lang='lat' dir='ltr'><strong>cubiore</strong></span> <span class='ocrx_word' id='word_1_110' title='bbox 1229 2383 1490 2439; x_wconf 88' lang='lat' dir='ltr'><strong>numerorum</strong></span> <span class='ocrx_word' id='word_1_111' title='bbox 1499 2355 1658 2436; x_wconf 76' lang='lat' dir='ltr'><strong>luminu·</strong></span> 
     </span>
     <span class='ocr_line' id='line_1_16' title="bbox 280 2477 1654 2589; baseline -0.001 -33"><span class='ocrx_word' id='word_1_112' title='bbox 280 2502 383 2556; x_wconf 85' lang='lat' dir='ltr'><strong>rum.</strong></span> <span class='ocrx_word' id='word_1_113' title='bbox 405 2477 519 2586; x_wconf 76' lang='lat' dir='ltr'><strong>Unde</strong></span> <span class='ocrx_word' id='word_1_114' title='bbox 537 2478 672 2588; x_wconf 85' lang='lat' dir='ltr'><strong>magni</strong></span> <span class='ocrx_word' id='word_1_115' title='bbox 691 2481 883 2566; x_wconf 87' lang='lat' dir='ltr'><strong>momenti</strong></span> <span class='ocrx_word' id='word_1_116' title='bbox 894 2481 1174 2589; x_wconf 78' lang='lat' dir='ltr'><strong>consequentia</strong></span> <span class='ocrx_word' id='word_1_117' title='bbox 1187 2479 1278 2560; x_wconf 85' lang='lat' dir='ltr'><strong>duci</strong></span> <span class='ocrx_word' id='word_1_118' title='bbox 1294 2497 1435 2588; x_wconf 81' lang='lat' dir='ltr'><strong>potest.</strong></span> <span class='ocrx_word' id='word_1_119' title='bbox 1453 2480 1654 2557; x_wconf 81' lang='lat' dir='ltr'><strong>Ponmnus</strong></span> 
     </span>
     <span class='ocr_line' id='line_1_17' title="bbox 278 2597 1676 2710; baseline 0.001 -33"><span class='ocrx_word' id='word_1_120' title='bbox 278 2597 385 2678; x_wconf 88' lang='lat' dir='ltr'><strong>enim</strong></span> <span class='ocrx_word' id='word_1_121' title='bbox 413 2597 641 2684; x_wconf 82' lang='lat' dir='ltr'><strong>uolumnsm</strong></span> <span class='ocrx_word' id='word_1_122' title='bbox 669 2600 811 2709; x_wconf 73' lang='lat' dir='ltr'><strong>viginti</strong></span> <span class='ocrx_word' id='word_1_123' title='bbox 829 2601 989 2710; x_wconf 80' lang='lat' dir='ltr'><strong>perium</strong></span> <span class='ocrx_word' id='word_1_124' title='bbox 1014 2600 1243 2683; x_wconf 74' lang='lat' dir='ltr'><strong>famtntem</strong></span> <span class='ocrx_word' id='word_1_125' title='bbox 1263 2601 1410 2682; x_wconf 77' lang='lat' dir='ltr'><strong>bebere</strong></span> <span class='ocrx_word' id='word_1_126' title='bbox 1433 2625 1579 2708; x_wconf 77' lang='lat' dir='ltr'><strong>eorpus</strong></span> <span class='ocrx_word' id='word_1_127' title='bbox 1595 2597 1676 2679; x_wconf 84' lang='lat' dir='ltr'><strong>nti&#39;</strong></span> 
     </span>
     <span class='ocr_line' id='line_1_18' title="bbox 282 2719 1659 2827; baseline -0.002 -21"><span class='ocrx_word' id='word_1_128' title='bbox 282 2746 427 2827; x_wconf 68' lang='lat' dir='ltr'><strong>aquam</strong></span> <span class='ocrx_word' id='word_1_129' title='bbox 454 2719 716 2822; x_wconf 75' lang='lat' dir='ltr'><strong>dissolvendi,</strong></span> <span class='ocrx_word' id='word_1_130' title='bbox 741 2721 998 2808; x_wconf 83' lang='lat' dir='ltr'><strong>manifestum</strong></span> <span class='ocrx_word' id='word_1_131' title='bbox 1020 2742 1085 2806; x_wconf 83' lang='lat' dir='ltr'><strong>est</strong></span> <span class='ocrx_word' id='word_1_132' title='bbox 1101 2724 1247 2806; x_wconf 86' lang='lat' dir='ltr'><strong>melius</strong></span> <span class='ocrx_word' id='word_1_133' title='bbox 1282 2751 1389 2822; x_wconf 84' lang='lat' dir='ltr'><strong>esse,</strong></span> <span class='ocrx_word' id='word_1_134' title='bbox 1413 2721 1659 2804; x_wconf 73' lang='lat' dir='ltr'><strong>sioolumnoe</strong></span> 
     </span>
     <span class='ocr_line' id='line_1_19' title="bbox 279 2840 1658 2942; baseline -0.008 -20"><span class='ocrx_word' id='word_1_135' title='bbox 279 2840 538 2923; x_wconf 67' lang='lat' dir='ltr'><strong>instituentur</strong></span> <span class='ocrx_word' id='word_1_136' title='bbox 549 2861 735 2926; x_wconf 66' lang='lat' dir='ltr'><strong>remotes,</strong></span> <span class='ocrx_word' id='word_1_137' title='bbox 752 2873 917 2936; x_wconf 58' lang='lat' dir='ltr'><strong>‘praeque</strong></span> <span class='ocrx_word' id='word_1_138' title='bbox 929 2847 1074 2936; x_wconf 68' lang='lat' dir='ltr'><strong>viginti</strong></span> <span class='ocrx_word' id='word_1_139' title='bbox 1092 2846 1258 2936; x_wconf 68' lang='lat' dir='ltr'><strong>paribus</strong></span> <span class='ocrx_word' id='word_1_140' title='bbox 1277 2846 1658 2942; x_wconf 68' lang='lat' dir='ltr'><strong>mmpouito,»qum</strong></span> 
     </span>
     <span class='ocr_line' id='line_1_20' title="bbox 282 2946 1660 3059; baseline -0.009 -15"><span class='ocrx_word' id='word_1_141' title='bbox 282 2963 318 3044; x_wconf 86' lang='lat' dir='ltr'><strong>si</strong></span> <span class='ocrx_word' id='word_1_142' title='bbox 342 2959 514 3043; x_wconf 72' lang='lat' dir='ltr'><strong>invitem</strong></span> <span class='ocrx_word' id='word_1_143' title='bbox 530 2955 574 3037; x_wconf 82' lang='lat' dir='ltr'><strong>in</strong></span> <span class='ocrx_word' id='word_1_144' title='bbox 594 2948 786 3035; x_wconf 78' lang='lat' dir='ltr'><strong>extremis</strong></span> <span class='ocrx_word' id='word_1_145' title='bbox 809 2949 895 3028; x_wconf 80' lang='lat' dir='ltr'><strong>suis</strong></span> <span class='ocrx_word' id='word_1_146' title='bbox 913 2946 1095 3054; x_wconf 77' lang='lat' dir='ltr'><strong>pertibus</strong></span> <span class='ocrx_word' id='word_1_147' title='bbox 1121 2948 1383 3029; x_wconf 75' lang='lat' dir='ltr'><strong>uniantur.ln</strong></span> <span class='ocrx_word' id='word_1_148' title='bbox 1411 2952 1539 3059; x_wconf 78' lang='lat' dir='ltr'><strong>priori</strong></span> <span class='ocrx_word' id='word_1_149' title='bbox 1563 2983 1660 3037; x_wconf 79' lang='lat' dir='ltr'><strong>essu</strong></span> 
     </span>
     <span class='ocr_line' id='line_1_21' title="bbox 282 3068 1658 3184; baseline -0.006 -22"><span class='ocrx_word' id='word_1_150' title='bbox 282 3079 448 3164; x_wconf 79' lang='lat' dir='ltr'><strong>effectus</strong></span> <span class='ocrx_word' id='word_1_151' title='bbox 471 3076 548 3165; x_wconf 87' lang='lat' dir='ltr'><strong>erit</strong></span> <span class='ocrx_word' id='word_1_152' title='bbox 571 3068 879 3184; x_wconf 81' lang='lat' dir='ltr'><strong>proportionalis</strong></span> <span class='ocrx_word' id='word_1_153' title='bbox 908 3093 1075 3160; x_wconf 85' lang='lat' dir='ltr'><strong>munero</strong></span> <span class='ocrx_word' id='word_1_154' title='bbox 1110 3069 1418 3170; x_wconf 78' lang='lat' dir='ltr'><strong>oolumnumm,</strong></span> <span class='ocrx_word' id='word_1_155' title='bbox 1454 3072 1498 3154; x_wconf 91' lang='lat' dir='ltr'><strong>in</strong></span> <span class='ocrx_word' id='word_1_156' title='bbox 1533 3077 1658 3160; x_wconf 75' lang='lat' dir='ltr'><strong>altero</strong></span> 
     </span>
     <span class='ocr_line' id='line_1_22' title="bbox 283 3190 1660 3300; baseline -0.007 -13"><span class='ocrx_word' id='word_1_157' title='bbox 283 3201 535 3286; x_wconf 85' lang='lat' dir='ltr'><strong>solummodo</strong></span> <span class='ocrx_word' id='word_1_158' title='bbox 551 3197 676 3280; x_wconf 80' lang='lat' dir='ltr'><strong>radici</strong></span> <span class='ocrx_word' id='word_1_159' title='bbox 694 3191 841 3277; x_wconf 70' lang='lat' dir='ltr'><strong>obiso</strong></span> <span class='ocrx_word' id='word_1_160' title='bbox 858 3191 975 3272; x_wconf 86' lang='lat' dir='ltr'><strong>istius</strong></span> <span class='ocrx_word' id='word_1_161' title='bbox 990 3191 1158 3272; x_wconf 85' lang='lat' dir='ltr'><strong>numeri.</strong></span> <span class='ocrx_word' id='word_1_162' title='bbox 1171 3190 1291 3271; x_wconf 78' lang='lat' dir='ltr'><strong>stulti</strong></span> <span class='ocrx_word' id='word_1_163' title='bbox 1305 3193 1427 3300; x_wconf 84' lang='lat' dir='ltr'><strong>igitur</strong></span> <span class='ocrx_word' id='word_1_164' title='bbox 1445 3218 1660 3281; x_wconf 78' lang='lat' dir='ltr'><strong>ooetmrunt</strong></span> 
     </span>
     <span class='ocr_line' id='line_1_23' title="bbox 291 3309 1661 3431; baseline -0.012 -19"><span class='ocrx_word' id='word_1_165' title='bbox 291 3355 408 3412; x_wconf 80' lang='lat' dir='ltr'><strong>cesus</strong></span> <span class='ocrx_word' id='word_1_166' title='bbox 426 3327 469 3406; x_wconf 91' lang='lat' dir='ltr'><strong>in</strong></span> <span class='ocrx_word' id='word_1_167' title='bbox 487 3319 633 3431; x_wconf 89' lang='lat' dir='ltr'><strong>quibus</strong></span> <span class='ocrx_word' id='word_1_168' title='bbox 652 3313 901 3398; x_wconf 84' lang='lat' dir='ltr'><strong>oommodius</strong></span> <span class='ocrx_word' id='word_1_169' title='bbox 915 3329 975 3394; x_wconf 84' lang='lat' dir='ltr'><strong>est</strong></span> <span class='ocrx_word' id='word_1_170' title='bbox 993 3311 1199 3423; x_wconf 80' lang='lat' dir='ltr'><strong>parrisuti</strong></span> <span class='ocrx_word' id='word_1_171' title='bbox 1211 3309 1428 3414; x_wconf 77' lang='lat' dir='ltr'><strong>oolnmnis5</strong></span> <span class='ocrx_word' id='word_1_172' title='bbox 1445 3339 1661 3402; x_wconf 86' lang='lat' dir='ltr'><strong>ooeurrunt</strong></span> 
     </span>
     <span class='ocr_line' id='line_1_24' title="bbox 288 3433 1659 3547; baseline -0.007 -13"><span class='ocrx_word' id='word_1_173' title='bbox 288 3475 384 3534; x_wconf 75' lang='lat' dir='ltr'><strong>tero</strong></span> <span class='ocrx_word' id='word_1_174' title='bbox 407 3446 528 3528; x_wconf 84' lang='lat' dir='ltr'><strong>etism</strong></span> <span class='ocrx_word' id='word_1_175' title='bbox 546 3439 726 3526; x_wconf 88' lang='lat' dir='ltr'><strong>nonnulli</strong></span> <span class='ocrx_word' id='word_1_176' title='bbox 742 3438 786 3520; x_wconf 87' lang='lat' dir='ltr'><strong>in</strong></span> <span class='ocrx_word' id='word_1_177' title='bbox 812 3433 959 3547; x_wconf 81' lang='lat' dir='ltr'><strong>quibus</strong></span> <span class='ocrx_word' id='word_1_178' title='bbox 982 3435 1169 3520; x_wconf 82' lang='lat' dir='ltr'><strong>maximis</strong></span> <span class='ocrx_word' id='word_1_179' title='bbox 1194 3435 1256 3515; x_wconf 93' lang='lat' dir='ltr'><strong>uti</strong></span> <span class='ocrx_word' id='word_1_180' title='bbox 1283 3433 1493 3537; x_wconf 85' lang='lat' dir='ltr'><strong>debemus,</strong></span> <span class='ocrx_word' id='word_1_181' title='bbox 1517 3439 1659 3525; x_wconf 78' lang='lat' dir='ltr'><strong>veliis</strong></span> 
     </span>
    </p>
   </div>
   <div class='ocr_carea' id='block_1_4' title="bbox 193 3557 1732 3680">
    <p class='ocr_par' dir='ltr' id='par_1_4' title="bbox 45 3507 1732 3680">
     <span class='ocr_line' id='line_1_25' title="bbox 193 3557 1732 3680; baseline 0.001 -35.912"><span class='ocrx_word' id='word_1_182' title='bbox 193 3633 197 3644; x_wconf 94' lang='lat'>.</span> <span class='ocrx_word' id='word_1_183' title='bbox 287 3597 375 3680; x_wconf 81' lang='lat' dir='ltr'><strong>ques</strong></span> <span class='ocrx_word' id='word_1_184' title='bbox 392 3568 530 3650; x_wconf 87' lang='lat' dir='ltr'><strong>multis</strong></span> <span class='ocrx_word' id='word_1_185' title='bbox 548 3557 1658 3674; x_wconf 69' lang='lat' dir='ltr'><strong>peribusoomponuntur.Quodimprimisestugendum</strong></span> <span class='ocrx_word' id='word_1_186' title='bbox 1726 3661 1732 3672; x_wconf 33' lang='lat'><strong>,</strong></span> 
     </span>
    </p>
   </div>
   <div class='ocr_carea' id='block_1_5' title="bbox 281 3680 1659 3924">
    <p class='ocr_par' dir='ltr' id='par_1_5' title="bbox 281 3680 1659 3924">
     <span class='ocr_line' id='line_1_26' title="bbox 281 3680 1659 3802; baseline -0.009 -28"><span class='ocrx_word' id='word_1_187' title='bbox 281 3719 416 3802; x_wconf 82' lang='lat' dir='ltr'><strong>quum</strong></span> <span class='ocrx_word' id='word_1_188' title='bbox 428 3690 642 3784; x_wconf 84' lang='lat' dir='ltr'><strong>elementa,</strong></span> <span class='ocrx_word' id='word_1_189' title='bbox 665 3711 754 3794; x_wconf 69' lang='lat' dir='ltr'><strong>qun</strong></span> <span class='ocrx_word' id='word_1_190' title='bbox 768 3707 852 3764; x_wconf 88' lang='lat' dir='ltr'><strong>non</strong></span> <span class='ocrx_word' id='word_1_191' title='bbox 867 3681 947 3764; x_wconf 86' lang='lat' dir='ltr'><strong>nisi</strong></span> <span class='ocrx_word' id='word_1_192' title='bbox 963 3697 1189 3792; x_wconf 79' lang='lat' dir='ltr'><strong>permagnse</strong></span> <span class='ocrx_word' id='word_1_193' title='bbox 1206 3680 1250 3765; x_wconf 85' lang='lat' dir='ltr'><strong>ri</strong></span> <span class='ocrx_word' id='word_1_194' title='bbox 1266 3682 1477 3793; x_wconf 79' lang='lat' dir='ltr'><strong>repulsivte</strong></span> <span class='ocrx_word' id='word_1_195' title='bbox 1493 3681 1659 3784; x_wconf 81' lang='lat' dir='ltr'><strong>cedunt,</strong></span> 
     </span>
     <span class='ocr_line' id='line_1_27' title="bbox 286 3807 659 3924; baseline -0.021 -24"><span class='ocrx_word' id='word_1_196' title='bbox 286 3832 381 3900; x_wconf 80' lang='lat' dir='ltr'><strong>suut</strong></span> <span class='ocrx_word' id='word_1_197' title='bbox 407 3807 659 3924; x_wconf 70' lang='lat' dir='ltr'><strong>segreganda.</strong></span> 
     </span>
    </p>
   </div>
   <div class='ocr_carea' id='block_1_6' title="bbox 293 3971 1657 4334">
    <p class='ocr_par' dir='ltr' id='par_1_6' title="bbox 293 3971 1657 4334">
     <span class='ocr_line' id='line_1_28' title="bbox 340 3971 1655 4100; baseline -0.005 -40"><span class='ocrx_word' id='word_1_198' title='bbox 340 3982 459 4065; x_wconf 81' lang='lat' dir='ltr'><strong>Hand</strong></span> <span class='ocrx_word' id='word_1_199' title='bbox 475 3981 590 4100; x_wconf 85' lang='lat' dir='ltr'><strong>parvi</strong></span> <span class='ocrx_word' id='word_1_200' title='bbox 608 3993 693 4060; x_wconf 87' lang='lat' dir='ltr'><strong>erat</strong></span> <span class='ocrx_word' id='word_1_201' title='bbox 709 3974 901 4060; x_wconf 86' lang='lat' dir='ltr'><strong>momenti</strong></span> <span class='ocrx_word' id='word_1_202' title='bbox 919 3971 1179 4055; x_wconf 83' lang='lat' dir='ltr'><strong>determinare</strong></span> <span class='ocrx_word' id='word_1_203' title='bbox 1191 3997 1277 4081; x_wconf 73' lang='lat' dir='ltr'><strong>quse</strong></span> <span class='ocrx_word' id='word_1_204' title='bbox 1290 3971 1498 4052; x_wconf 88' lang='lat' dir='ltr'><strong>interesset</strong></span> <span class='ocrx_word' id='word_1_205' title='bbox 1515 3972 1655 4089; x_wconf 75' lang='lat' dir='ltr'><strong>relatio</strong></span> 
     </span>
     <span class='ocr_line' id='line_1_29' title="bbox 293 4091 1657 4208; baseline -0.01 -22"><span class='ocrx_word' id='word_1_206' title='bbox 293 4101 457 4186; x_wconf 81' lang='lat' dir='ltr'><strong>effeetus</strong></span> <span class='ocrx_word' id='word_1_207' title='bbox 476 4101 775 4185; x_wconf 82' lang='lat' dir='ltr'><strong>oolumnaeinter</strong></span> <span class='ocrx_word' id='word_1_208' title='bbox 794 4115 834 4179; x_wconf 88' lang='lat' dir='ltr'><strong>et</strong></span> <span class='ocrx_word' id='word_1_209' title='bbox 850 4093 1097 4208; x_wconf 85' lang='lat' dir='ltr'><strong>superficiem</strong></span> <span class='ocrx_word' id='word_1_210' title='bbox 1106 4095 1285 4206; x_wconf 83' lang='lat' dir='ltr'><strong>parium,</strong></span> <span class='ocrx_word' id='word_1_211' title='bbox 1306 4091 1452 4201; x_wconf 90' lang='lat' dir='ltr'><strong>quibus</strong></span> <span class='ocrx_word' id='word_1_212' title='bbox 1471 4093 1657 4174; x_wconf 80' lang='lat' dir='ltr'><strong>colunma</strong></span> 
     </span>
     <span class='ocr_line' id='line_1_30' title="bbox 293 4208 1657 4334; baseline -0.014 -24"><span class='ocrx_word' id='word_1_213' title='bbox 293 4225 831 4334; x_wconf 69' lang='lat' dir='ltr'><strong>componitunQuepropter</strong></span> <span class='ocrx_word' id='word_1_214' title='bbox 862 4215 1047 4302; x_wconf 68' lang='lat' dir='ltr'><strong>adhibito</strong></span> <span class='ocrx_word' id='word_1_215' title='bbox 1062 4231 1158 4298; x_wconf 88' lang='lat' dir='ltr'><strong>sunt</strong></span> <span class='ocrx_word' id='word_1_216' title='bbox 1180 4211 1284 4296; x_wconf 85' lang='lat' dir='ltr'><strong>binae</strong></span> <span class='ocrx_word' id='word_1_217' title='bbox 1302 4213 1498 4295; x_wconf 75' lang='lat' dir='ltr'><strong>columne</strong></span> <span class='ocrx_word' id='word_1_218' title='bbox 1514 4208 1657 4322; x_wconf 82' lang='lat' dir='ltr'><strong>viginti</strong></span> 
     </span>
    </p>
   </div>
   <div class='ocr_carea' id='block_1_7' title="bbox 291 4332 1655 4543">
    <p class='ocr_par' dir='ltr' id='par_1_7' title="bbox 291 4332 1655 4543">
     <span class='ocr_line' id='line_1_31' title="bbox 291 4332 1655 4531; baseline -0.015 -97"><span class='ocrx_word' id='word_1_219' title='bbox 291 4349 476 4460; x_wconf 78' lang='lat' dir='ltr'><strong>parium,</strong></span> <span class='ocrx_word' id='word_1_220' title='bbox 502 4371 671 4456; x_wconf 82' lang='lat' dir='ltr'><strong>querum</strong></span> <span class='ocrx_word' id='word_1_221' title='bbox 696 4344 857 4430; x_wconf 78' lang='lat' dir='ltr'><strong>alterius</strong></span> <span class='ocrx_word' id='word_1_222' title='bbox 884 4339 1109 4453; x_wconf 81' lang='lat' dir='ltr'><strong>superficies</strong></span> <span class='ocrx_word' id='word_1_223' title='bbox 1137 4338 1188 4422; x_wconf 83' lang='lat' dir='ltr'><strong>ad</strong></span> <span class='ocrx_word' id='word_1_224' title='bbox 1215 4335 1379 4422; x_wconf 82' lang='lat' dir='ltr'><strong>alterius</strong></span> <span class='ocrx_word' id='word_1_225' title='bbox 1406 4332 1655 4531; x_wconf 79' lang='lat' dir='ltr'><strong>superficiem</strong></span> 
     </span>
     <span class='ocr_line' id='line_1_32' title="bbox 1461 4489 1482 4543; baseline 0 -15"><span class='ocrx_word' id='word_1_226' title='bbox 1461 4489 1482 4543; x_wconf 55' lang='grc' dir='ltr'><strong>ι.</strong></span> 
     </span>
    </p>
   </div>
   <div class='ocr_carea' id='block_1_8' title="bbox 0 0 2266 5860">
    <p class='ocr_par' dir='ltr' id='par_1_8' title="bbox 0 0 2266 5860">
     <span class='ocr_line' id='line_1_33' title="bbox 0 0 2266 5860; baseline 0 0"><span class='ocrx_word' id='word_1_227' title='bbox 0 0 2266 5860; x_wconf 95' lang='lat' dir='ltr'><strong> </strong></span> 
     </span>
    </p>
   </div>
  </div>
 </body>
</html>
