4517 5867
649 680 696 728 20
957 652 1145 725 JOANNIS
1169 653 1451 725 FERDINANDI
1475 651 1702 724 SENTELET

652 836 782 917 dicam
800 834 845 910 A.
867 834 917 913 Ο.
936 830 952 909 i
970 858 1055 914 non
1078 836 1212 940 exigui
1226 851 1410 941 sumptus
1430 834 1582 938 erogati
1602 829 1767 911 suntad
1786 856 1850 911 res
1865 829 2018 915 nostras

651 954 903 1046 Medicorum
926 956 1146 1061 praesertim
1172 953 1443 1036 emendandas
1464 971 1504 1034 et
1526 951 1753 1060 augendam
1776 951 1849 1032 sed
1874 954 2023 1033 desunt

652 1075 801 1177 multa,
831 1078 1004 1155 maxime
1033 1078 1146 1157 utilia
1173 1094 1215 1158 et
1242 1075 1316 1158 diu
1346 1081 1563 1187 promissa,
1592 1074 1740 1155 desunt
1769 1074 1850 1153 fato
1883 1079 2020 1157 nescio

653 1226 757 1308 quo;
779 1198 896 1279 brevi
913 1216 1051 1277 tamen
1069 1200 1171 1277 nihil
1193 1200 1448 1295 defuturum,
1469 1220 1545 1302 pro
1575 1211 1685 1275 certo
1708 1196 1914 1278 habemus.

707 1423 874 1501 Interim
901 1447 1040 1500 omnes
1068 1418 1336 1523 Professores,
1362 1419 1524 1525 collegae
1556 1418 1804 1527 dignissimi,
1827 1451 1903 1505 suo
1932 1450 2025 1503 mu-

656 1545 742 1621 neri
761 1545 908 1620 i'ntenti
928 1544 1054 1620 unitis
1074 1544 1230 1622 viribus
1254 1561 1295 1621 et
1314 1542 1472 1623 assidua
1489 1542 1640 1623 laboris
1656 1549 1914 1625 contentione
1932 1550 2028 1625 Aca-

656 1664 798 1745 demiae
816 1680 962 1743 nostrae
975 1665 1286 1771 prosperitatem
1300 1691 1542 1772 promovere
1561 1683 1776 1765 conantur,
1794 1684 1915 1779 atque
1934 1666 2026 1747 doc-

656 1788 762 1865 trina
777 1785 930 1866 salubri
949 1787 1189 1896 virtutisque
1204 1787 1389 1894 exemplo
1407 1815 1602 1868 renovare
1620 1806 1661 1868 et
1677 1787 1916 1897 amplificare
1929 1816 2023 1899 per-

658 1910 833 2017 antiquae
841 1909 1541 1989 UniversitatisLovaniensisfamam
1554 1912 2029 2018 etcelebritatem,quam

524 2060 527 2067 ¹
659 2027 710 2105 ab
735 2032 892 2133 origine
912 2058 984 2105 sna
1010 2031 1177 2132 meruit,
1202 2046 1243 2108 et
1269 2056 1343 2137 per
1364 2046 1541 2140 quatuor
1560 2029 1645 2109 fere
1671 2027 1815 2109 saecula
1837 2032 2031 2111 sustinuit

659 2174 790 2254 usque
812 2148 855 2225 in
875 2146 1000 2250 diem,
1019 2176 1102 2257 quo
1123 2149 1176 2229 ab
1199 2153 1398 2233 extraneis
1416 2180 1631 2263 suppressa
1647 2151 1725 2233 fuit
1747 2180 1832 2235 non
1851 2156 1936 2235 sine
1955 2182 2030 2261 ge·

658 2267 785 2349 nerali
805 2268 930 2350 totius
951 2268 1078 2375 Belgii
1097 2270 1220 2351 luctu.
1288 2368 1293 2381 ι
1944 2299 1949 2307 ·

712 2489 802 2564 Van
815 2492 934 2568 Mons
952 2518 974 2569 a
993 2510 1198 2602 tempore,
1220 2520 1305 2607 quo
1324 2500 1368 2578 in
1386 2497 1463 2581 hac
1479 2497 1614 2585 schola
1634 2500 1772 2599 docet,
1792 2504 1946 2612 publici
1962 2505 2034 2609 ju·

661 2610 717 2685 ris
736 2606 830 2695 fecit
856 2608 1203 2717 Pharmacopaeam
1225 2618 1447 2720 Swediaur,
1467 2651 1590 2727 quam
1613 2622 1895 2705 additamentis
1915 2624 2037 2703 locu·

528 2768 533 2781 ·
661 2729 843 2837 pletavit,
866 2734 974 2813 notis
999 2732 1214 2815 elucidavit
1235 2752 1277 2816 et
1293 2737 1500 2832 volumine
1526 2748 1637 2820 auxit
1657 2766 1704 2818 no
1724 2749 1930 2845 Principes
1949 2744 2054 2849 <³¹45

660 2854 876 2963 mentaires
895 2852 946 2931 de
966 2853 1123 2934 Chimie
1142 2854 1456 2967 philosophique
1474 2888 1569 2938 avec
1590 2860 1660 2936 des
1679 2858 1941 2962 applications
1961 2861 2041 2943 des

660 2970 924 3076 proportions
950 2970 1236 3067 determinem,
1260 3006 1280 3045 α
1306 2976 1354 3053 3⁰
1375 2978 1462 3051 Sub
1483 2974 1596 3078 prelo
1619 2974 1737 3053 sudat
1757 3004 1862 3083 opus
1884 2984 1949 3059 cui
1968 2986 2038 3063 in-

662 3090 852 3168 scribitur
871 3122 890 3161 «
903 3088 1202 3195 Pharmaeopde
1222 3091 1408 3193 ge'ndrale
1425 3091 1642 3201 the'orique
1657 3113 1697 3175 et
1717 3104 1924 3209 pratique3
1945 3134 1965 3178 a
1985 3108 2035 3204 4⁰

614 3312 615 3315 Ν
662 3207 772 3289 aliud
794 3236 896 3316 opus
915 3208 992 3289 sub
1016 3209 1137 3289 titulo
1159 3242 1180 3285 a
1203 3212 1243 3290 N
1245 3213 1497 3294 omeuclator
1515 3215 1718 3300 chemicus
1736 3248 1808 3301 seu
1832 3225 2036 3335 interpre-

662 3333 759 3409 tatio
780 3331 1089 3435 vacabulorum,
1114 3361 1205 3442 quae
1227 3336 1270 3413 in
1291 3335 1503 3444 disciplina
1522 3340 1700 3423 chemioa
1716 3347 1809 3426 usui
1831 3351 1947 3454 sunt,
1969 3352 2036 3434 ad·

661 3451 798 3559 juncta
824 3458 1063 3561 synonomia
1082 3456 1126 3533 in
1145 3485 1266 3536 usum
1284 3460 1608 3565 praelectionum
1628 3498 1648 3539 a
1678 3466 1724 3547 5⁰
1752 3497 1846 3550 cum
1871 3472 2036 3554 duobus
2113 3561 2115 3564 ,

667 3573 919 3677 adjutoribus
941 3574 1025 3654 edit
1047 3607 1067 3648 a
1088 3576 1266 3658 Annales
1286 3579 1491 3683 ge'ne'rales
1514 3583 1584 3663 des
1601 3588 1776 3667 soiences
1797 3591 2036 3702 physiques,

668 3692 817 3771 dont-il
835 3698 964 3798 paruit
974 3695 1131 3806 chaque
1150 3700 1254 3779 mois
1271 3728 1353 3781 une
1370 3702 1562 3785 livraisou
1577 3706 1628 3787 de
1645 3708 1749 3789 neuf
1763 3709 1916 3791 feuilles
1938 3741 2035 3795 avec

666 3830 792 3893 cartes
813 3812 1207 3929 lithographiques.»

718 4034 755 4109 A
775 4034 1031 4116 Dumbeclsio
1047 4038 1154 4121 edita
1174 4060 1268 4123 sunt
1284 4042 1362 4125 hoc
1378 4075 1486 4129 anno
1513 4075 1634 4158 opera
1653 4083 1673 4126 a
1699 4069 1742 4129 ιο
1762 4052 1870 4155 Clio,
1882 4056 1967 4134 sive
1982 4055 2035 4135 de

666 4149 846 4254 historia,
862 4155 912 4235 de
924 4158 1133 4242 Laudibus
1142 4163 1338 4268 historiae,
1353 4167 1405 4247 de
1424 4186 1508 4250 arte
1521 4168 1710 4251 historica
1725 4174 1874 4281 dialogi
1886 4192 1991 4273 tres;
2014 4208 2034 4248 a

669 4293 715 4351 2⁰
725 4276 939 4356 «Historiae
948 4283 1143 4361 universae
1152 4284 1295 4365 tabulae
1305 4288 2036 4405 ethnographieoperiodicosynchro·

638 4474 646 4494 ,
669 4395 829 4477 nisticae.
840 4429 860 4473 a
872 4400 1011 4481 Plures
1028 4402 1094 4481 alii
1112 4406 1306 4511 operibus
1324 4408 1574 4495 elaborandis
1591 4437 1856 4525 occupantur,
1870 4436 1909 4499 et
1923 4418 2032 4522 vigili
