<?xml version="1.0" encoding="UTF-8"?>
<!DOCTYPE html PUBLIC "-//W3C//DTD XHTML 1.0 Transitional//EN"
    "http://www.w3.org/TR/xhtml1/DTD/xhtml1-transitional.dtd">
<html xmlns="http://www.w3.org/1999/xhtml" xml:lang="en" lang="en">
 <head>
  <title>
</title>
<meta http-equiv="Content-Type" content="text/html;charset=utf-8" />
  <meta name='ocr-system' content='tesseract 3.04.00' />
  <meta name='ocr-capabilities' content='ocr_page ocr_carea ocr_par ocr_line ocrx_word'/>
</head>
<body>
  <div class='ocr_page' id='page_1' title='image "annalesacademia01goog_0058.png"; bbox 0 0 4517 5867; ppageno 0'>
   <div class='ocr_carea' id='block_1_1' title="bbox 618 539 1760 670">
    <p class='ocr_par' dir='ltr' id='par_1_1' title="bbox 618 539 1760 670">
     <span class='ocr_line' id='line_1_1' title="bbox 618 539 1760 670; baseline -0.002 -16"><span class='ocrx_word' id='word_1_1' title='bbox 618 590 661 670; x_wconf 69' lang='lat' dir='ltr'>st</span> <span class='ocrx_word' id='word_1_2' title='bbox 739 590 742 598; x_wconf 91' lang='lat'>·</span> <span class='ocrx_word' id='word_1_3' title='bbox 879 539 883 547; x_wconf 70' lang='grc'><em>’</em></span> <span class='ocrx_word' id='word_1_4' title='bbox 910 586 1128 659; x_wconf 76' lang='lat' dir='ltr'>soanms</span> <span class='ocrx_word' id='word_1_5' title='bbox 1151 583 1479 658; x_wconf 73' lang='lat' dir='ltr'>renuissem</span> <span class='ocrx_word' id='word_1_6' title='bbox 1503 579 1760 659; x_wconf 78' lang='lat' dir='ltr'>saurauer</span> 
     </span>
    </p>
   </div>
   <div class='ocr_carea' id='block_1_2' title="bbox 513 772 1977 1008">
    <p class='ocr_par' dir='ltr' id='par_1_2' title="bbox 513 772 1977 1008">
     <span class='ocr_line' id='line_1_2' title="bbox 609 772 1977 891; baseline 0.001 -34"><span class='ocrx_word' id='word_1_7' title='bbox 609 778 724 859; x_wconf 89' lang='lat' dir='ltr'>illum</span> <span class='ocrx_word' id='word_1_8' title='bbox 736 804 914 886; x_wconf 85' lang='lat' dir='ltr'>eousque</span> <span class='ocrx_word' id='word_1_9' title='bbox 932 772 1126 873; x_wconf 85' lang='lat' dir='ltr'>latebant,</span> <span class='ocrx_word' id='word_1_10' title='bbox 1138 808 1189 859; x_wconf 88' lang='lat' dir='ltr'>an</span> <span class='ocrx_word' id='word_1_11' title='bbox 1204 779 1316 891; x_wconf 90' lang='lat' dir='ltr'>quod</span> <span class='ocrx_word' id='word_1_12' title='bbox 1330 778 1576 859; x_wconf 82' lang='lat' dir='ltr'>luerittanto</span> <span class='ocrx_word' id='word_1_13' title='bbox 1587 794 1771 883; x_wconf 82' lang='lat' dir='ltr'>tempure</span> <span class='ocrx_word' id='word_1_14' title='bbox 1786 772 1838 855; x_wconf 85' lang='lat' dir='ltr'>de</span> <span class='ocrx_word' id='word_1_15' title='bbox 1852 800 1977 885; x_wconf 81' lang='lat' dir='ltr'>grege</span> 
     </span>
     <span class='ocr_line' id='line_1_3' title="bbox 513 898 1522 1008; baseline 0.003 -32"><span class='ocrx_word' id='word_1_16' title='bbox 513 934 518 940; x_wconf 94' lang='lat'>·</span> <span class='ocrx_word' id='word_1_17' title='bbox 547 984 549 988; x_wconf 58' lang='grc'>,</span> <span class='ocrx_word' id='word_1_18' title='bbox 607 899 772 978; x_wconf 88' lang='lat' dir='ltr'>illorum</span> <span class='ocrx_word' id='word_1_19' title='bbox 790 900 861 1008; x_wconf 92' lang='lat' dir='ltr'>qui</span> <span class='ocrx_word' id='word_1_20' title='bbox 881 902 1020 981; x_wconf 90' lang='lat' dir='ltr'>oeulos</span> <span class='ocrx_word' id='word_1_21' title='bbox 1041 902 1194 980; x_wconf 88' lang='lat' dir='ltr'>habent</span> <span class='ocrx_word' id='word_1_22' title='bbox 1215 919 1256 981; x_wconf 87' lang='lat' dir='ltr'>et</span> <span class='ocrx_word' id='word_1_23' title='bbox 1271 926 1357 979; x_wconf 90' lang='lat' dir='ltr'>non</span> <span class='ocrx_word' id='word_1_24' title='bbox 1373 898 1522 981; x_wconf 85' lang='lat' dir='ltr'>vident</span> 
     </span>
    </p>
   </div>
   <div class='ocr_carea' id='block_1_3' title="bbox 536 1102 1975 2065">
    <p class='ocr_par' dir='ltr' id='par_1_3' title="bbox 536 1102 1975 2065">
     <span class='ocr_line' id='line_1_4' title="bbox 661 1102 1975 1215; baseline 0.003 -32"><span class='ocrx_word' id='word_1_25' title='bbox 661 1106 788 1183; x_wconf 86' lang='lat' dir='ltr'>Tanta</span> <span class='ocrx_word' id='word_1_26' title='bbox 810 1120 869 1182; x_wconf 89' lang='lat' dir='ltr'>est</span> <span class='ocrx_word' id='word_1_27' title='bbox 887 1105 1096 1185; x_wconf 81' lang='lat' dir='ltr'><strong>amoenitas</strong></span> <span class='ocrx_word' id='word_1_28' title='bbox 1111 1102 1238 1188; x_wconf 85' lang='lat' dir='ltr'>studii</span> <span class='ocrx_word' id='word_1_29' title='bbox 1260 1120 1414 1187; x_wconf 85' lang='lat' dir='ltr'>naturae</span> <span class='ocrx_word' id='word_1_30' title='bbox 1430 1120 1478 1183; x_wconf 92' lang='lat' dir='ltr'>ut</span> <span class='ocrx_word' id='word_1_31' title='bbox 1493 1104 1619 1203; x_wconf 83' lang='lat' dir='ltr'>viros,</span> <span class='ocrx_word' id='word_1_32' title='bbox 1634 1107 1779 1213; x_wconf 87' lang='lat' dir='ltr'>quovis</span> <span class='ocrx_word' id='word_1_33' title='bbox 1796 1104 1975 1215; x_wconf 89' lang='lat' dir='ltr'>discipli-</span> 
     </span>
     <span class='ocr_line' id='line_1_5' title="bbox 607 1224 1975 1333; baseline 0.003 -28"><span class='ocrx_word' id='word_1_34' title='bbox 607 1250 752 1315; x_wconf 86' lang='lat' dir='ltr'>narum</span> <span class='ocrx_word' id='word_1_35' title='bbox 774 1252 920 1331; x_wconf 83' lang='lat' dir='ltr'>genere</span> <span class='ocrx_word' id='word_1_36' title='bbox 946 1229 1184 1325; x_wconf 84' lang='lat' dir='ltr'>eminentes,</span> <span class='ocrx_word' id='word_1_37' title='bbox 1206 1224 1289 1307; x_wconf 85' lang='lat' dir='ltr'>fere</span> <span class='ocrx_word' id='word_1_38' title='bbox 1314 1252 1455 1305; x_wconf 88' lang='lat' dir='ltr'>omnes</span> <span class='ocrx_word' id='word_1_39' title='bbox 1470 1226 1549 1333; x_wconf 87' lang='lat' dir='ltr'>ipsi</span> <span class='ocrx_word' id='word_1_40' title='bbox 1569 1224 1820 1325; x_wconf 79' lang='lat' dir='ltr'>incubuisse,</span> <span class='ocrx_word' id='word_1_41' title='bbox 1841 1231 1975 1309; x_wconf 87' lang='lat' dir='ltr'>omnis</span> 
     </span>
     <span class='ocr_line' id='line_1_6' title="bbox 606 1343 1973 1460; baseline 0.005 -37"><span class='ocrx_word' id='word_1_42' title='bbox 606 1346 680 1423; x_wconf 85' lang='lat' dir='ltr'>sevi</span> <span class='ocrx_word' id='word_1_43' title='bbox 700 1343 863 1424; x_wconf 87' lang='lat' dir='ltr'>historia</span> <span class='ocrx_word' id='word_1_44' title='bbox 885 1362 1062 1426; x_wconf 84' lang='lat' dir='ltr'>testetur.</span> <span class='ocrx_word' id='word_1_45' title='bbox 1085 1350 1137 1429; x_wconf 92' lang='lat' dir='ltr'>Ut</span> <span class='ocrx_word' id='word_1_46' title='bbox 1153 1345 1254 1457; x_wconf 86' lang='lat' dir='ltr'>quid</span> <span class='ocrx_word' id='word_1_47' title='bbox 1272 1346 1376 1425; x_wconf 79' lang='lat' dir='ltr'>Asiae</span> <span class='ocrx_word' id='word_1_48' title='bbox 1390 1344 1583 1448; x_wconf 90' lang='lat' dir='ltr'>domitor,</span> <span class='ocrx_word' id='word_1_49' title='bbox 1599 1345 1847 1452; x_wconf 84' lang='lat' dir='ltr'>Alexander,</span> <span class='ocrx_word' id='word_1_50' title='bbox 1862 1377 1973 1460; x_wconf 89' lang='lat' dir='ltr'>quae·</span> 
     </span>
     <span class='ocr_line' id='line_1_7' title="bbox 604 1465 1972 1579; baseline 0.006 -36"><span class='ocrx_word' id='word_1_51' title='bbox 604 1494 780 1578; x_wconf 89' lang='lat' dir='ltr'>cumque</span> <span class='ocrx_word' id='word_1_52' title='bbox 799 1471 900 1547; x_wconf 89' lang='lat' dir='ltr'>mira</span> <span class='ocrx_word' id='word_1_53' title='bbox 923 1484 963 1547; x_wconf 89' lang='lat' dir='ltr'>et</span> <span class='ocrx_word' id='word_1_54' title='bbox 979 1470 1147 1578; x_wconf 89' lang='lat' dir='ltr'>propria</span> <span class='ocrx_word' id='word_1_55' title='bbox 1175 1468 1277 1548; x_wconf 80' lang='lat' dir='ltr'>Asia</span> <span class='ocrx_word' id='word_1_56' title='bbox 1297 1465 1515 1579; x_wconf 86' lang='lat' dir='ltr'>producta,</span> <span class='ocrx_word' id='word_1_57' title='bbox 1532 1494 1627 1577; x_wconf 23' lang='lat' dir='ltr'>‚quae</span> <span class='ocrx_word' id='word_1_58' title='bbox 1651 1468 1804 1574; x_wconf 85' lang='lat' dir='ltr'>ingenti</span> <span class='ocrx_word' id='word_1_59' title='bbox 1827 1498 1972 1551; x_wconf 89' lang='lat' dir='ltr'>nume·</span> 
     </span>
     <span class='ocr_line' id='line_1_8' title="bbox 536 1588 1972 1694; baseline 0.006 -29"><span class='ocrx_word' id='word_1_60' title='bbox 536 1672 540 1684; x_wconf 14' lang='grc' dir='ltr'><strong>Κ</strong></span> <span class='ocrx_word' id='word_1_61' title='bbox 602 1614 650 1667; x_wconf 89' lang='lat' dir='ltr'>ro</span> <span class='ocrx_word' id='word_1_62' title='bbox 668 1590 834 1671; x_wconf 85' lang='lat' dir='ltr'>victoria</span> <span class='ocrx_word' id='word_1_63' title='bbox 858 1588 1075 1694; x_wconf 81' lang='lat' dir='ltr'>offerebat,</span> <span class='ocrx_word' id='word_1_64' title='bbox 1099 1592 1151 1669; x_wconf 84' lang='lat' dir='ltr'>ad</span> <span class='ocrx_word' id='word_1_65' title='bbox 1168 1588 1426 1669; x_wconf 82' lang='lat' dir='ltr'>Aristotelem</span> <span class='ocrx_word' id='word_1_66' title='bbox 1447 1590 1665 1667; x_wconf 81' lang='lat' dir='ltr'>transmitti</span> <span class='ocrx_word' id='word_1_67' title='bbox 1685 1590 1869 1693; x_wconf 86' lang='lat' dir='ltr'>curabat,</span> <span class='ocrx_word' id='word_1_68' title='bbox 1894 1596 1972 1674; x_wconf 90' lang='lat' dir='ltr'>nisi</span> 
     </span>
     <span class='ocr_line' id='line_1_9' title="bbox 599 1709 1973 1825; baseline 0.005 -38"><span class='ocrx_word' id='word_1_69' title='bbox 599 1724 647 1787; x_wconf 92' lang='lat' dir='ltr'>ut</span> <span class='ocrx_word' id='word_1_70' title='bbox 666 1709 862 1819; x_wconf 89' lang='lat' dir='ltr'>descripta</span> <span class='ocrx_word' id='word_1_71' title='bbox 879 1728 920 1792; x_wconf 89' lang='lat' dir='ltr'>et</span> <span class='ocrx_word' id='word_1_72' title='bbox 941 1712 1106 1793; x_wconf 86' lang='lat' dir='ltr'>collecta</span> <span class='ocrx_word' id='word_1_73' title='bbox 1127 1710 1271 1792; x_wconf 86' lang='lat' dir='ltr'>ordine</span> <span class='ocrx_word' id='word_1_74' title='bbox 1293 1710 1624 1825; x_wconf 83' lang='lat' dir='ltr'>disponerentur,</span> <span class='ocrx_word' id='word_1_75' title='bbox 1641 1726 1710 1791; x_wconf 88' lang='lat' dir='ltr'>aut</span> <span class='ocrx_word' id='word_1_76' title='bbox 1722 1712 1973 1815; x_wconf 77' lang='lat' dir='ltr'>colerentur,</span> 
     </span>
     <span class='ocr_line' id='line_1_10' title="bbox 599 1832 1970 1920; baseline 0.007 -11"><span class='ocrx_word' id='word_1_77' title='bbox 599 1832 677 1911; x_wconf 91' lang='lat' dir='ltr'>nisi</span> <span class='ocrx_word' id='word_1_78' title='bbox 695 1849 743 1912; x_wconf 92' lang='lat' dir='ltr'>ut</span> <span class='ocrx_word' id='word_1_79' title='bbox 761 1861 905 1915; x_wconf 89' lang='lat' dir='ltr'>eorum</span> <span class='ocrx_word' id='word_1_80' title='bbox 926 1837 1162 1916; x_wconf 84' lang='lat' dir='ltr'>amoenitate·</span> <span class='ocrx_word' id='word_1_81' title='bbox 1179 1850 1221 1915; x_wconf 90' lang='lat' dir='ltr'>et</span> <span class='ocrx_word' id='word_1_82' title='bbox 1239 1834 1410 1914; x_wconf 86' lang='lat' dir='ltr'>utilitate</span> <span class='ocrx_word' id='word_1_83' title='bbox 1430 1860 1599 1913; x_wconf 88' lang='lat' dir='ltr'>suorum</span> <span class='ocrx_word' id='word_1_84' title='bbox 1615 1834 1772 1914; x_wconf 88' lang='lat' dir='ltr'>animos</span> <span class='ocrx_word' id='word_1_85' title='bbox 1790 1833 1888 1920; x_wconf 89' lang='lat' dir='ltr'>belli</span> <span class='ocrx_word' id='word_1_86' title='bbox 1906 1839 1970 1918; x_wconf 91' lang='lat' dir='ltr'>in·</span> 
     </span>
     <span class='ocr_line' id='line_1_11' title="bbox 599 1940 1541 2065; baseline 0.002 -34"><span class='ocrx_word' id='word_1_87' title='bbox 599 1940 823 2037; x_wconf 85' lang='lat' dir='ltr'>commodis</span> <span class='ocrx_word' id='word_1_88' title='bbox 842 1956 1051 2065; x_wconf 89' lang='lat' dir='ltr'>depressos</span> <span class='ocrx_word' id='word_1_89' title='bbox 1069 1957 1215 2038; x_wconf 88' lang='lat' dir='ltr'>leniret</span> <span class='ocrx_word' id='word_1_90' title='bbox 1232 1973 1273 2037; x_wconf 93' lang='lat' dir='ltr'>et</span> <span class='ocrx_word' id='word_1_91' title='bbox 1289 1954 1541 2036; x_wconf 76' lang='lat' dir='ltr'>sublevaret?</span> 
     </span>
    </p>
   </div>
   <div class='ocr_carea' id='block_1_4' title="bbox 590 2158 1972 2619">
    <p class='ocr_par' dir='ltr' id='par_1_4' title="bbox 590 2158 1972 2619">
     <span class='ocr_line' id='line_1_12' title="bbox 608 2158 1969 2271; baseline 0.006 -36"><span class='ocrx_word' id='word_1_92' title='bbox 608 2226 613 2235; x_wconf 91' lang='lat'><em>.</em></span> <span class='ocrx_word' id='word_1_93' title='bbox 649 2160 705 2237; x_wconf 90' lang='lat' dir='ltr'>Ut</span> <span class='ocrx_word' id='word_1_94' title='bbox 719 2160 820 2267; x_wconf 92' lang='lat' dir='ltr'>quid</span> <span class='ocrx_word' id='word_1_95' title='bbox 836 2163 881 2241; x_wconf 92' lang='lat' dir='ltr'>in</span> <span class='ocrx_word' id='word_1_96' title='bbox 895 2162 969 2242; x_wconf 77' lang='lat' dir='ltr'>haic</span> <span class='ocrx_word' id='word_1_97' title='bbox 984 2164 1103 2243; x_wconf 89' lang='lat' dir='ltr'>etiam</span> <span class='ocrx_word' id='word_1_98' title='bbox 1121 2161 1227 2247; x_wconf 83' lang='lat' dir='ltr'>urbe</span> <span class='ocrx_word' id='word_1_99' title='bbox 1244 2162 1352 2249; x_wconf 76' lang='lat' dir='ltr'>cives</span> <span class='ocrx_word' id='word_1_100' title='bbox 1364 2158 1558 2271; x_wconf 87' lang='lat' dir='ltr'>cujusque</span> <span class='ocrx_word' id='word_1_101' title='bbox 1574 2160 1821 2242; x_wconf 88' lang='lat' dir='ltr'>conditionis</span> <span class='ocrx_word' id='word_1_102' title='bbox 1836 2178 1879 2243; x_wconf 90' lang='lat' dir='ltr'>et</span> <span class='ocrx_word' id='word_1_103' title='bbox 1899 2190 1969 2243; x_wconf 93' lang='lat' dir='ltr'>or·</span> 
     </span>
     <span class='ocr_line' id='line_1_13' title="bbox 594 2276 1970 2390; baseline 0.007 -34"><span class='ocrx_word' id='word_1_104' title='bbox 594 2276 716 2379; x_wconf 89' lang='lat' dir='ltr'>dinis,</span> <span class='ocrx_word' id='word_1_105' title='bbox 744 2307 860 2361; x_wconf 86' lang='lat' dir='ltr'>senes</span> <span class='ocrx_word' id='word_1_106' title='bbox 891 2308 1006 2390; x_wconf 74' lang='lat' dir='ltr'>aeque</span> <span class='ocrx_word' id='word_1_107' title='bbox 1033 2309 1079 2363; x_wconf 92' lang='lat' dir='ltr'>ac</span> <span class='ocrx_word' id='word_1_108' title='bbox 1101 2283 1298 2390; x_wconf 86' lang='lat' dir='ltr'>juniores,</span> <span class='ocrx_word' id='word_1_109' title='bbox 1325 2282 1404 2389; x_wconf 89' lang='lat' dir='ltr'>ipsi</span> <span class='ocrx_word' id='word_1_110' title='bbox 1431 2284 1555 2361; x_wconf 88' lang='lat' dir='ltr'>etiam</span> <span class='ocrx_word' id='word_1_111' title='bbox 1582 2281 1734 2390; x_wconf 90' lang='lat' dir='ltr'>quibus</span> <span class='ocrx_word' id='word_1_112' title='bbox 1762 2282 1820 2374; x_wconf 87' lang='lat' dir='ltr'>ob</span> <span class='ocrx_word' id='word_1_113' title='bbox 1848 2312 1970 2365; x_wconf 88' lang='lat' dir='ltr'>curas</span> 
     </span>
     <span class='ocr_line' id='line_1_14' title="bbox 594 2392 1972 2511; baseline 0.006 -34"><span class='ocrx_word' id='word_1_114' title='bbox 594 2392 830 2479; x_wconf 86' lang='lat' dir='ltr'>domesticas</span> <span class='ocrx_word' id='word_1_115' title='bbox 851 2428 935 2481; x_wconf 91' lang='lat' dir='ltr'>non</span> <span class='ocrx_word' id='word_1_116' title='bbox 957 2420 1071 2483; x_wconf 84' lang='lat' dir='ltr'>vacat</span> <span class='ocrx_word' id='word_1_117' title='bbox 1088 2402 1280 2485; x_wconf 90' lang='lat' dir='ltr'>omnibus</span> <span class='ocrx_word' id='word_1_118' title='bbox 1299 2418 1451 2483; x_wconf 84' lang='lat' dir='ltr'>naturae</span> <span class='ocrx_word' id='word_1_119' title='bbox 1468 2400 1690 2509; x_wconf 87' lang='lat' dir='ltr'>disciplinis</span> <span class='ocrx_word' id='word_1_120' title='bbox 1709 2432 1876 2511; x_wconf 85' lang='lat' dir='ltr'>operam</span> <span class='ocrx_word' id='word_1_121' title='bbox 1900 2434 1972 2485; x_wconf 89' lang='lat' dir='ltr'>vo-</span> 
     </span>
     <span class='ocr_line' id='line_1_15' title="bbox 590 2520 1966 2619; baseline 0.009 -26"><span class='ocrx_word' id='word_1_122' title='bbox 590 2544 701 2613; x_wconf 78' lang='lat' dir='ltr'>vere,</span> <span class='ocrx_word' id='word_1_123' title='bbox 727 2520 866 2601; x_wconf 83' lang='lat' dir='ltr'>saltem</span> <span class='ocrx_word' id='word_1_124' title='bbox 888 2528 1078 2603; x_wconf 88' lang='lat' dir='ltr'>societate</span> <span class='ocrx_word' id='word_1_125' title='bbox 1098 2524 1286 2605; x_wconf 74' lang='lat' dir='ltr'>butanica</span> <span class='ocrx_word' id='word_1_126' title='bbox 1308 2526 1524 2619; x_wconf 90' lang='lat' dir='ltr'>uniuntur,</span> <span class='ocrx_word' id='word_1_127' title='bbox 1542 2524 1622 2601; x_wconf 91' lang='lat' dir='ltr'>nisi</span> <span class='ocrx_word' id='word_1_128' title='bbox 1643 2538 1691 2601; x_wconf 91' lang='lat' dir='ltr'>ut</span> <span class='ocrx_word' id='word_1_129' title='bbox 1704 2526 1886 2603; x_wconf 87' lang='lat' dir='ltr'>animum</span> <span class='ocrx_word' id='word_1_130' title='bbox 1911 2525 1966 2605; x_wconf 87' lang='lat' dir='ltr'>de</span> 
     </span>
    </p>
   </div>
   <div class='ocr_carea' id='block_1_5' title="bbox 444 2638 1963 2750">
    <p class='ocr_par' dir='ltr' id='par_1_5' title="bbox 444 2638 1963 2750">
     <span class='ocr_line' id='line_1_16' title="bbox 444 2638 1963 2750; baseline 0.009 -37"><span class='ocrx_word' id='word_1_131' title='bbox 444 2724 448 2733; x_wconf 64' lang='lat'>„</span> <span class='ocrx_word' id='word_1_132' title='bbox 589 2641 762 2742; x_wconf 89' lang='lat' dir='ltr'>negotiis</span> <span class='ocrx_word' id='word_1_133' title='bbox 772 2638 926 2742; x_wconf 68' lang='lat' dir='ltr'>=fessum</span> <span class='ocrx_word' id='word_1_134' title='bbox 940 2659 1139 2742; x_wconf 86' lang='lat' dir='ltr'>recreent,</span> <span class='ocrx_word' id='word_1_135' title='bbox 1151 2641 1309 2750; x_wconf 84' lang='lat' dir='ltr'>placide</span> <span class='ocrx_word' id='word_1_136' title='bbox 1325 2660 1486 2750; x_wconf 88' lang='lat' dir='ltr'>pascant</span> <span class='ocrx_word' id='word_1_137' title='bbox 1498 2659 1539 2721; x_wconf 92' lang='lat' dir='ltr'>et</span> <span class='ocrx_word' id='word_1_138' title='bbox 1554 2641 1758 2722; x_wconf 85' lang='lat' dir='ltr'>oblectent</span> <span class='ocrx_word' id='word_1_139' title='bbox 1770 2662 1963 2727; x_wconf 88' lang='lat' dir='ltr'>naturam</span> 
     </span>
    </p>
   </div>
   <div class='ocr_carea' id='block_1_6' title="bbox 590 2760 1211 2867">
    <p class='ocr_par' dir='ltr' id='par_1_6' title="bbox 590 2760 1211 2867">
     <span class='ocr_line' id='line_1_17' title="bbox 590 2760 1211 2867; baseline 0.008 -33"><span class='ocrx_word' id='word_1_140' title='bbox 590 2760 902 2867; x_wconf 84' lang='lat' dir='ltr'>contemplando</span> <span class='ocrx_word' id='word_1_141' title='bbox 921 2779 962 2842; x_wconf 91' lang='lat' dir='ltr'>et</span> <span class='ocrx_word' id='word_1_142' title='bbox 980 2761 1211 2842; x_wconf 81' lang='lat' dir='ltr'>excolende.</span> 
     </span>
    </p>
   </div>
   <div class='ocr_carea' id='block_1_7' title="bbox 574 2959 1960 4042">
    <p class='ocr_par' dir='ltr' id='par_1_7' title="bbox 574 2959 1960 4042">
     <span class='ocr_line' id='line_1_18' title="bbox 639 2959 1960 3073; baseline 0.005 -30"><span class='ocrx_word' id='word_1_143' title='bbox 639 2964 695 3043; x_wconf 89' lang='lat' dir='ltr'>Ut</span> <span class='ocrx_word' id='word_1_144' title='bbox 720 2966 823 3073; x_wconf 91' lang='lat' dir='ltr'>quid</span> <span class='ocrx_word' id='word_1_145' title='bbox 848 2967 998 3043; x_wconf 90' lang='lat' dir='ltr'>ethnici</span> <span class='ocrx_word' id='word_1_146' title='bbox 1019 2971 1151 3070; x_wconf 67' lang='lat' dir='ltr'>poetae</span> <span class='ocrx_word' id='word_1_147' title='bbox 1173 2992 1316 3048; x_wconf 85' lang='lat' dir='ltr'>omnes</span> <span class='ocrx_word' id='word_1_148' title='bbox 1337 2965 1551 3042; x_wconf 86' lang='lat' dir='ltr'>beatorum</span> <span class='ocrx_word' id='word_1_149' title='bbox 1570 2959 1686 3042; x_wconf 85' lang='lat' dir='ltr'>sedes</span> <span class='ocrx_word' id='word_1_150' title='bbox 1711 2963 1960 3049; x_wconf 82' lang='lat' dir='ltr'>collocarunt</span> 
     </span>
     <span class='ocr_line' id='line_1_19' title="bbox 585 3084 1955 3193; baseline 0.006 -31"><span class='ocrx_word' id='word_1_151' title='bbox 585 3110 669 3163; x_wconf 89' lang='lat' dir='ltr'>non</span> <span class='ocrx_word' id='word_1_152' title='bbox 689 3085 732 3163; x_wconf 92' lang='lat' dir='ltr'>in</span> <span class='ocrx_word' id='word_1_153' title='bbox 753 3085 908 3192; x_wconf 88' lang='lat' dir='ltr'>palatiis</span> <span class='ocrx_word' id='word_1_154' title='bbox 929 3084 1162 3165; x_wconf 85' lang='lat' dir='ltr'>manufactis</span> <span class='ocrx_word' id='word_1_155' title='bbox 1180 3110 1272 3193; x_wconf 77' lang='lat' dir='ltr'>quaa</span> <span class='ocrx_word' id='word_1_156' title='bbox 1289 3106 1509 3180; x_wconf 88' lang='lat' dir='ltr'>marmore,</span> <span class='ocrx_word' id='word_1_157' title='bbox 1529 3106 1647 3182; x_wconf 92' lang='lat' dir='ltr'>auro,</span> <span class='ocrx_word' id='word_1_158' title='bbox 1662 3086 1805 3167; x_wconf 90' lang='lat' dir='ltr'>statuis</span> <span class='ocrx_word' id='word_1_159' title='bbox 1822 3104 1865 3167; x_wconf 90' lang='lat' dir='ltr'>et</span> <span class='ocrx_word' id='word_1_160' title='bbox 1884 3117 1955 3169; x_wconf 90' lang='lat' dir='ltr'>co-</span> 
     </span>
     <span class='ocr_line' id='line_1_20' title="bbox 580 3202 1951 3313; baseline 0.008 -31"><span class='ocrx_word' id='word_1_161' title='bbox 580 3203 732 3283; x_wconf 89' lang='lat' dir='ltr'>lumnis</span> <span class='ocrx_word' id='word_1_162' title='bbox 743 3204 957 3313; x_wconf 83' lang='lat' dir='ltr'>refulgent,</span> <span class='ocrx_word' id='word_1_163' title='bbox 968 3205 1257 3313; x_wconf 87' lang='lat' dir='ltr'>sedincampis</span> <span class='ocrx_word' id='word_1_164' title='bbox 1270 3202 1419 3311; x_wconf 84' lang='lat' dir='ltr'>elysiis,</span> <span class='ocrx_word' id='word_1_165' title='bbox 1430 3204 1475 3281; x_wconf 91' lang='lat' dir='ltr'>in</span> <span class='ocrx_word' id='word_1_166' title='bbox 1487 3202 1626 3282; x_wconf 68' lang='lat' dir='ltr'>viretis</span> <span class='ocrx_word' id='word_1_167' title='bbox 1637 3220 1681 3283; x_wconf 88' lang='lat' dir='ltr'>et</span> <span class='ocrx_word' id='word_1_168' title='bbox 1692 3209 1951 3292; x_wconf 84' lang='lat' dir='ltr'>nemoribus?</span> 
     </span>
     <span class='ocr_line' id='line_1_21' title="bbox 581 3324 1950 3437; baseline 0.007 -33"><span class='ocrx_word' id='word_1_169' title='bbox 581 3351 668 3405; x_wconf 89' lang='lat' dir='ltr'>non</span> <span class='ocrx_word' id='word_1_170' title='bbox 691 3326 766 3407; x_wconf 85' lang='lat' dir='ltr'>alia</span> <span class='ocrx_word' id='word_1_171' title='bbox 790 3330 963 3429; x_wconf 86' lang='lat' dir='ltr'>ratione,</span> <span class='ocrx_word' id='word_1_172' title='bbox 985 3328 1065 3408; x_wconf 91' lang='lat' dir='ltr'>nisi</span> <span class='ocrx_word' id='word_1_173' title='bbox 1089 3328 1186 3437; x_wconf 91' lang='lat' dir='ltr'>quia</span> <span class='ocrx_word' id='word_1_174' title='bbox 1209 3342 1362 3406; x_wconf 80' lang='lat' dir='ltr'>naturae</span> <span class='ocrx_word' id='word_1_175' title='bbox 1383 3341 1616 3404; x_wconf 88' lang='lat' dir='ltr'>ornamenta</span> <span class='ocrx_word' id='word_1_176' title='bbox 1632 3324 1743 3405; x_wconf 88' lang='lat' dir='ltr'>nulla</span> <span class='ocrx_word' id='word_1_177' title='bbox 1771 3326 1950 3413; x_wconf 86' lang='lat' dir='ltr'>hominis</span> 
     </span>
     <span class='ocr_line' id='line_1_22' title="bbox 580 3445 1948 3559; baseline 0.004 -33"><span class='ocrx_word' id='word_1_178' title='bbox 580 3450 806 3557; x_wconf 82' lang='lat' dir='ltr'>assequitur</span> <span class='ocrx_word' id='word_1_179' title='bbox 824 3448 1040 3544; x_wconf 83' lang='lat' dir='ltr'>industria3</span> <span class='ocrx_word' id='word_1_180' title='bbox 1060 3450 1159 3559; x_wconf 83' lang='lat' dir='ltr'>quia</span> <span class='ocrx_word' id='word_1_181' title='bbox 1174 3471 1432 3557; x_wconf 87' lang='lat' dir='ltr'>quacumque</span> <span class='ocrx_word' id='word_1_182' title='bbox 1446 3446 1571 3534; x_wconf 82' lang='lat' dir='ltr'>etiam</span> <span class='ocrx_word' id='word_1_183' title='bbox 1591 3445 1781 3527; x_wconf 84' lang='lat' dir='ltr'>aviditate</span> <span class='ocrx_word' id='word_1_184' title='bbox 1798 3476 1948 3532; x_wconf 88' lang='lat' dir='ltr'>concn-</span> 
     </span>
     <span class='ocr_line' id='line_1_23' title="bbox 578 3558 1949 3680; baseline 0.005 -37"><span class='ocrx_word' id='word_1_185' title='bbox 578 3567 785 3673; x_wconf 86' lang='lat' dir='ltr'>piscantur</span> <span class='ocrx_word' id='word_1_186' title='bbox 795 3594 920 3675; x_wconf 86' lang='lat' dir='ltr'>opera</span> <span class='ocrx_word' id='word_1_187' title='bbox 936 3558 1153 3665; x_wconf 89' lang='lat' dir='ltr'>manuum,</span> <span class='ocrx_word' id='word_1_188' title='bbox 1169 3568 1318 3650; x_wconf 88' lang='lat' dir='ltr'>horum</span> <span class='ocrx_word' id='word_1_189' title='bbox 1334 3568 1627 3675; x_wconf 82' lang='lat' dir='ltr'>possessionem</span> <span class='ocrx_word' id='word_1_190' title='bbox 1635 3566 1751 3647; x_wconf 81' lang='lat' dir='ltr'>brevi</span> <span class='ocrx_word' id='word_1_191' title='bbox 1763 3574 1949 3680; x_wconf 65' lang='lat' dir='ltr'>sequitur·</span> 
     </span>
     <span class='ocr_line' id='line_1_24' title="bbox 577 3685 1946 3786; baseline 0.007 -19"><span class='ocrx_word' id='word_1_192' title='bbox 577 3690 734 3768; x_wconf 86' lang='lat' dir='ltr'>satietas</span> <span class='ocrx_word' id='word_1_193' title='bbox 752 3705 794 3767; x_wconf 92' lang='lat' dir='ltr'>et</span> <span class='ocrx_word' id='word_1_194' title='bbox 811 3688 994 3786; x_wconf 75' lang='lat' dir='ltr'>taedium3</span> <span class='ocrx_word' id='word_1_195' title='bbox 1019 3689 1119 3767; x_wconf 89' lang='lat' dir='ltr'>dum</span> <span class='ocrx_word' id='word_1_196' title='bbox 1140 3685 1333 3766; x_wconf 80' lang='lat' dir='ltr'>ineffabili</span> <span class='ocrx_word' id='word_1_197' title='bbox 1352 3689 1541 3766; x_wconf 84' lang='lat' dir='ltr'>varietate</span> <span class='ocrx_word' id='word_1_198' title='bbox 1560 3705 1602 3767; x_wconf 89' lang='lat' dir='ltr'>ct</span> <span class='ocrx_word' id='word_1_199' title='bbox 1625 3688 1817 3771; x_wconf 85' lang='lat' dir='ltr'>continua</span> <span class='ocrx_word' id='word_1_200' title='bbox 1834 3698 1946 3776; x_wconf 78' lang='lat' dir='ltr'>vicis·</span> 
     </span>
     <span class='ocr_line' id='line_1_25' title="bbox 575 3805 1943 3910; baseline 0.009 -25"><span class='ocrx_word' id='word_1_201' title='bbox 575 3808 751 3887; x_wconf 86' lang='lat' dir='ltr'>situdine</span> <span class='ocrx_word' id='word_1_202' title='bbox 769 3826 911 3891; x_wconf 85' lang='lat' dir='ltr'>natura</span> <span class='ocrx_word' id='word_1_203' title='bbox 928 3811 1104 3889; x_wconf 89' lang='lat' dir='ltr'>occurrit</span> <span class='ocrx_word' id='word_1_204' title='bbox 1120 3809 1291 3889; x_wconf 84' lang='lat' dir='ltr'>satietati</span> <span class='ocrx_word' id='word_1_205' title='bbox 1310 3822 1352 3886; x_wconf 89' lang='lat' dir='ltr'>et</span> <span class='ocrx_word' id='word_1_206' title='bbox 1367 3805 1543 3910; x_wconf 81' lang='lat' dir='ltr'>fastidio,</span> <span class='ocrx_word' id='word_1_207' title='bbox 1563 3808 1664 3889; x_wconf 91' lang='lat' dir='ltr'>dum</span> <span class='ocrx_word' id='word_1_208' title='bbox 1680 3813 1859 3893; x_wconf 77' lang='lat' dir='ltr'>ariimnm</span> <span class='ocrx_word' id='word_1_209' title='bbox 1877 3844 1943 3898; x_wconf 89' lang='lat' dir='ltr'>re·</span> 
     </span>
     <span class='ocr_line' id='line_1_26' title="bbox 574 3927 1717 4042; baseline 0.003 -36"><span class='ocrx_word' id='word_1_210' title='bbox 574 3928 659 4035; x_wconf 88' lang='lat' dir='ltr'>plet</span> <span class='ocrx_word' id='word_1_211' title='bbox 679 3928 855 4036; x_wconf 87' lang='lat' dir='ltr'>deliciis,</span> <span class='ocrx_word' id='word_1_212' title='bbox 873 3958 964 4042; x_wconf 84' lang='lat' dir='ltr'>quse</span> <span class='ocrx_word' id='word_1_213' title='bbox 986 3956 1212 4040; x_wconf 85' lang='lat' dir='ltr'>numquam</span> <span class='ocrx_word' id='word_1_214' title='bbox 1233 3927 1433 4009; x_wconf 84' lang='lat' dir='ltr'>exhauriri</span> <span class='ocrx_word' id='word_1_215' title='bbox 1453 3946 1634 4038; x_wconf 80' lang='lat' dir='ltr'>possunt</span> <span class='ocrx_word' id='word_1_216' title='bbox 1710 3928 1717 3938; x_wconf 75' lang='grc'><strong>“</strong></span> 
     </span>
    </p>
   </div>
   <div class='ocr_carea' id='block_1_8' title="bbox 566 4130 1939 4501">
    <p class='ocr_par' dir='ltr' id='par_1_8' title="bbox 566 4130 1939 4501">
     <span class='ocr_line' id='line_1_27' title="bbox 622 4130 1937 4245; baseline 0.006 -32"><span class='ocrx_word' id='word_1_217' title='bbox 622 4133 738 4214; x_wconf 83' lang='lat' dir='ltr'>Felix</span> <span class='ocrx_word' id='word_1_218' title='bbox 760 4137 832 4243; x_wconf 93' lang='lat' dir='ltr'>qui</span> <span class='ocrx_word' id='word_1_219' title='bbox 853 4136 987 4242; x_wconf 91' lang='lat' dir='ltr'>potuit</span> <span class='ocrx_word' id='word_1_220' title='bbox 1009 4152 1195 4217; x_wconf 89' lang='lat' dir='ltr'>naturam</span> <span class='ocrx_word' id='word_1_221' title='bbox 1222 4132 1428 4242; x_wconf 86' lang='lat' dir='ltr'>indagare,</span> <span class='ocrx_word' id='word_1_222' title='bbox 1449 4161 1587 4215; x_wconf 90' lang='lat' dir='ltr'>rerum</span> <span class='ocrx_word' id='word_1_223' title='bbox 1609 4160 1746 4217; x_wconf 83' lang='lat' dir='ltr'>causas</span> <span class='ocrx_word' id='word_1_224' title='bbox 1766 4130 1937 4245; x_wconf 61' lang='lat' dir='ltr'>cognosss</span> 
     </span>
     <span class='ocr_line' id='line_1_28' title="bbox 569 4254 1935 4366; baseline 0.007 -33"><span class='ocrx_word' id='word_1_225' title='bbox 569 4282 676 4353; x_wconf 85' lang='lat' dir='ltr'>cere,</span> <span class='ocrx_word' id='word_1_226' title='bbox 699 4282 935 4363; x_wconf 85' lang='lat' dir='ltr'>progressus</span> <span class='ocrx_word' id='word_1_227' title='bbox 958 4258 1148 4366; x_wconf 88' lang='lat' dir='ltr'>insequi:</span> <span class='ocrx_word' id='word_1_228' title='bbox 1170 4256 1431 4364; x_wconf 87' lang='lat' dir='ltr'>quocumque</span> <span class='ocrx_word' id='word_1_229' title='bbox 1454 4254 1571 4335; x_wconf 88' lang='lat' dir='ltr'>illum</span> <span class='ocrx_word' id='word_1_230' title='bbox 1598 4256 1675 4337; x_wconf 83' lang='lat' dir='ltr'>lata</span> <span class='ocrx_word' id='word_1_231' title='bbox 1697 4256 1841 4362; x_wconf 79' lang='lat' dir='ltr'>lerant,</span> <span class='ocrx_word' id='word_1_232' title='bbox 1863 4290 1935 4343; x_wconf 92' lang='lat' dir='ltr'>na-</span> 
     </span>
     <span class='ocr_line' id='line_1_29' title="bbox 566 4376 1939 4501; baseline 0.005 -49"><span class='ocrx_word' id='word_1_233' title='bbox 566 4382 667 4485; x_wconf 68' lang='lat' dir='ltr'>turae</span> <span class='ocrx_word' id='word_1_234' title='bbox 698 4381 865 4481; x_wconf 86' lang='lat' dir='ltr'>genium</span> <span class='ocrx_word' id='word_1_235' title='bbox 896 4392 1192 4459; x_wconf 82' lang='lat' dir='ltr'>constanteret</span> <span class='ocrx_word' id='word_1_236' title='bbox 1222 4376 1376 4483; x_wconf 86' lang='lat' dir='ltr'>ubique</span> <span class='ocrx_word' id='word_1_237' title='bbox 1404 4379 1593 4460; x_wconf 84' lang='lat' dir='ltr'>comitem</span> <span class='ocrx_word' id='word_1_238' title='bbox 1620 4376 1759 4483; x_wconf 79' lang='lat' dir='ltr'>habet,</span> <span class='ocrx_word' id='word_1_239' title='bbox 1784 4380 1939 4501; x_wconf 74' lang='lat' dir='ltr'>nullibi</span> 
     </span>
    </p>
   </div>
   <div class='ocr_carea' id='block_1_9' title="bbox 0 0 2264 5867">
    <p class='ocr_par' dir='ltr' id='par_1_9' title="bbox 0 0 2264 5867">
     <span class='ocr_line' id='line_1_30' title="bbox 0 0 2264 5867; baseline 0 5"><span class='ocrx_word' id='word_1_240' title='bbox 0 0 2264 5867; x_wconf 95' lang='lat' dir='ltr'> </span> 
     </span>
    </p>
   </div>
  </div>
 </body>
</html>
