4517 5867
451 575 695 650 nesrorsro
720 575 784 647 sn
807 575 1118 666 Qunsrrormr
1141 582 1384 657 marsican.
1414 567 1418 572 ’
1581 587 1627 659 23

254 788 301 866 ad
332 782 439 864 illam
466 786 600 895 magni
631 785 824 865 momenti
850 785 1134 896 spemrlatirarn
1170 790 1428 896 qrrtcstionem
1457 797 1629 897 attinet3

249 923 384 988 utrum
403 935 546 1020 nempe
566 907 825 1020 phaenomena
840 908 1019 992 electrica
1036 911 1231 1021 pendeant
1251 913 1316 992 vel
1332 942 1356 990 a
1377 911 1500 994 fluido
1516 917 1625 1023 quod

246 1032 290 1110 in
310 1015 598 1139 excccsu'esset
616 1031 658 1116 in
677 1018 909 1142 corporibus
938 1035 1107 1144 positive
1126 1034 1377 1136 electrisatis,
1400 1036 1464 1121 vel
1484 1064 1509 1119 a
1526 1037 1624 1118 duo-

247 1153 324 1234 bus
352 1153 484 1237 fluidis
510 1181 599 1265 quoe
631 1181 704 1236 sua
734 1154 1024 1238 combinatione
1056 1158 1192 1240 lumen
1224 1184 1433 1268 procreare
1457 1157 1622 1258 valeam

245 1294 436 1360 utrumve
455 1277 593 1360 ietlraec
606 1277 865 1388 phaenomena
882 1280 925 1362 in
945 1281 1224 1362 crematione
1240 1281 1432 1390 peculim
1447 1297 1620 1390 potesa-

228 1417 336 1481 tum
362 1401 664 1484 auractlvarum
679 1447 684 1452 ·
701 1405 878 1488 materia
908 1405 1153 1518 generalium
1183 1406 1400 1489 conantem
1436 1405 1618 1515 poatint,

253 1539 353 1603 teste
388 1523 457 1603 cel
483 1525 624 1634 Dary,
650 1543 773 1636 prout
802 1543 896 1616 sunt
916 1545 1064 1610 matra
1094 1528 1217 1634 hujus
1242 1531 1302 1612 rei
1325 1531 1527 1625 meones,
1545 1528 1617 1610 rix

243 1645 396 1755 aliquid
413 1643 483 1728 fixi
504 1663 545 1728 ct
571 1645 820 1731 determinati
838 1666 1011 1734 statuere
1027 1649 1256 1762 possumus.
1274 1655 1414 1763 ltaque
1432 1649 1616 1761 elecuici·
1664 1695 1667 1700 ·

243 1785 365 1852 tatem
400 1786 447 1850 ut
481 1769 659 1852 medium
691 1771 960 1860 chemicarum
986 1773 1382 1886 vdocontpocitiontrm
1420 1795 1615 1880 usurpare

241 1917 473 2001 pergamus;
494 1921 782 2006 careamusquc
802 1895 878 1980 hoc
894 1885 1066 1984 maxime
1079 1927 1132 2014 ne
1145 1927 1236 1980 cum
1255 1898 1405 1998 causis,
1423 1893 1493 1978 ubi
1506 1893 1614 2006 phte-

239 2039 500 2096 nomenorum
521 2015 632 2126 origo
651 2019 803 2128 agitur,
823 2017 987 2102 allectus
1013 2017 1313 2104 confrmdamus.

287 2181 481 2264 Nonnulli
498 2203 679 2294 auctores
696 2189 934 2270 recentiores
947 2212 1075 2270 unum
1093 2215 1181 2272 esse
1193 2187 1365 2272 fluidum
1382 2188 1612 2269 electricmlr

234 2328 318 2385 non
347 2327 461 2386 secas
483 2327 530 2386 ao
542 2329 689 2416 aquam
708 2329 885 2389 asserere
900 2305 1162 2410 ridebantur3
1177 2310 1300 2419 idque
1325 2308 1511 2418 plurimis
1524 2307 1613 2390 attis

233 2424 369 2506 fluidis
397 2428 583 2535 componi
608 2427 780 2538 probare
805 2430 1030 2514 voluerant.
1051 2425 1129 2514 Sed
1154 2433 1225 2542 qui
1253 2456 1395 2540 sapere
1419 2429 1611 2529 voluerit,

233 2545 290 2644 ie,
310 2545 409 2627 duce
426 2540 587 2656 quidem
605 2569 702 2629 sana
718 2545 991 2664 philosophia,
1013 2555 1055 2634 in
1076 2571 1159 2633 tam
1173 2569 1431 2663 praematuras
1449 2574 1610 2661 genera·
1730 2544 1734 2551 ⁴

230 2665 430 2788 lisatipnes
463 2697 545 2752 non
573 2671 808 2756 descendere
835 2675 961 2758 debet.
979 2677 1198 2776 Franklin,
1219 2675 1467 2774 cerastim,
1485 2673 1610 2782 tepi-

231 2816 328 2884 mm,
346 2790 484 2884 Volta,
506 2783 615 2878 unici
630 2795 744 2880 fluidi
761 2799 931 2882 electrici
950 2799 1121 2884 celebres
1138 2800 1315 2912 patroni,
1332 2799 1410 2882 hoc
1416 2815 1610 2906 tanquam

128 2977 132 2982 .
231 2905 488 3018 hypothesim
496 2903 831 3012 habueruntque
844 2921 1009 2986 tenerier
1019 2924 1237 2988 maximam
1255 2923 1609 3012 ptraenomeuorum
1736 3001 1741 3011 ,

231 3048 387 3142 partem
409 3024 606 3108 dilucidet.
631 3027 683 3104 Et
699 3049 837 3106 revera
855 3051 1115 3134 quecumque
1133 3025 1419 3134 experimenta,
1443 3056 1533 3140 quae
1556 3032 1608 3116 ad

231 3153 335 3234 hano
353 3176 479 3260 usque
497 3147 602 3230 diem
620 3147 772 3255 prolata
793 3145 972 3246 fuerunt,
991 3147 1076 3230 sive
1090 3147 1158 3228 illa
1174 3147 1224 3228 dc
1242 3148 1360 3229 unius
1376 3151 1504 3253 fluidi,
1520 3154 1607 3251 sire

232 3275 280 3354 dc
302 3274 473 3355 duorum
480 3269 708 3368 existentia,
727 3255 828 3348 nihil
845 3265 1024 3378 praebant
1041 3269 1151 3385 quod
1169 3269 1261 3350 iude
1279 3270 1498 3380 quidquam
1516 3304 1605 3366 con·

230 3396 387 3476 cludere
406 3393 620 3485 valeamus.
638 3394 826 3472 Attamen
838 3419 954 3485 nemo
973 3409 1048 3492 est,
1067 3407 1113 3472 ut
1130 3409 1333 3501 putamus,
1345 3394 1415 3501 qui
1424 3393 1604 3488 dubitare

228 3516 357 3626 possit
386 3515 445 3604 de
464 3514 737 3596 materialitate
762 3511 875 3602 fluidi
902 3503 1093 3614 electrici‚
1122 3541 1171 3594 ex
1195 3514 1381 3598 omnibus
1396 3544 1498 3628 ⁷quae
1521 3519 1604 3627 jam

227 3641 479 3734 innotescunt
498 3635 546 3716 de
566 3632 939 3734 combinationibus,
957 3663 1056 3744 quas
1074 3636 1151 3718 hoc
1169 3635 1337 3720 fluidum
1355 3667 1447 3720 cum
1464 3669 1603 3750 corpo

233 3759 345 3842 ribus
359 3760 446 3859 init,
467 3774 507 3839 et
520 3758 567 3840 de
581 3757 717 3858 modo,
733 3785 813 3866 quo
831 3785 905 3840 sua
920 3756 1142 3839 substantia
1165 3759 1215 3838 iic
1231 3762 1456 3845 intervenit.
1479 3763 1604 3874 quue

232 3884 356 3992 magis
374 3884 496 3966 etiam
514 3880 819 3990 comprobatur,
837 3880 873 3960 si
890 3879 1251 3963 animadvertemus
1269 3881 1480 3964 affinitates
1500 3913 1600 3995 quas

229 4009 271 4090 in
297 4006 578 4114 compositione
607 4018 647 4084 et
667 4002 1003 4118 decompositione
1026 4028 1240 4112 corporum
1263 4002 1391 4084 habet.
1415 4005 1492 4087 Sed
1523 4009 1600 4097 hoo

228 4155 371 4236 rerum
387 4130 455 4224 sit,
486 4127 652 4211 fluidum
670 4125 896 4209 electricum
917 4124 1110 4234 originem
1130 4142 1358 4206 terrestrem
1379 4155 1460 4208 non
1476 4131 1598 4212 habe·
1681 4168 1684 4173 ¹

230 4279 294 4350 re;
314 4264 353 4327 ct
366 4247 527 4328 luminis
547 4249 672 4328 instar
686 4251 798 4356 cujus
817 4266 877 4330 est
889 4248 1119 4356 temperatio
1137 4249 1254 4330 escle
1267 4275 1459 4362 enranare.
1478 4253 1599 4353 Quod
1631 4295 1640 4302 ·

227 4375 263 4454 si
282 4397 378 4454 vero
391 4371 526 4452 lumen
543 4387 582 4450 et
596 4371 808 4454 caloriourn
825 4371 1032 4481 qualitates
1053 4399 1134 4495 nup
1147 4371 1354 4470 ducamus3
1372 4374 1596 4462 tumetium

231 4495 409 4604 corporis
423 4521 566 4574 nomen
580 4491 700 4575 fluido
715 4493 892 4577 electrico
905 4522 986 4578 non
998 4511 1059 4580 eet
1071 4494 1352 4610 denegandum.
1370 4493 1412 4576 si
1425 4513 1595 4605 ponatur
1679 4503 1686 4512 '
