4517 5867
687 536 690 547 ’
753 582 1319 661 nissenrsnouemcu.
1670 588 1717 677 aa

340 782 398 847 et
417 762 733 863 exsultabundo,
752 767 953 876 praecipue
979 766 1146 877 quando
1168 794 1275 876 aegro
1295 766 1489 849 deficiunt
1507 766 1635 874 vires,
1652 785 1722 849 aut

354 890 429 967 iste
450 886 674 969 admodum
695 887 900 971 irritabilis
923 904 993 971 est.

405 1134 534 1213 Amor
563 1148 698 1213 motus
728 1132 806 1212 ciet
827 1132 870 1211 in
892 1157 1040 1239 corpus
1067 1132 1260 1214 salutares
1278 1150 1321 1213 et
1345 1133 1390 1214 in
1416 1134 1573 1215 morbis
1599 1132 1721 1243 profi·

356 1281 456 1335 cuus
483 1282 568 1335 esse
590 1272 741 1363 potest,
760 1252 831 1335 sed
859 1251 1097 1335 moderatim
1115 1282 1209 1334 cum
1228 1277 1286 1335 =eo
1308 1255 1614 1363 procedendum
1634 1272 1722 1335 est:

309 1390 313 1401 “
357 1376 540 1485 alioquin
566 1375 692 1455 multo
713 1402 762 1455 ex
790 1374 869 1453 hoc
891 1402 1027 1457 errore
1049 1391 1312 1480 exsurgerent
1335 1374 1446 1455 mala.
1477 1377 1585 1457 Usus
1610 1377 1725 1457 istius

354 1494 519 1574 affectus
540 1494 738 1599 generalis
756 1520 840 1573 non
859 1510 945 1575 est:
965 1495 1118 1604 quippe
1136 1494 1251 1605 quod
1268 1522 1411 1573 omnes
1429 1493 1481 1573 ad
1500 1494 1618 1575 illum
1636 1522 1724 1575 sus·

344 1614 588 1723 'cipiendum
608 1614 806 1724 proclives
825 1642 910 1721 non
937 1633 1049 1719 sunt,
1073 1618 1212 1696 necin
1231 1616 1368 1697 multis
1389 1617 1553 1697 excitari
1571 1630 1727 1725 potest,

355 1765 429 1819 nec
459 1736 584 1818 decet
624 1740 714 1817 Huc
748 1755 927 1846 spectant
962 1755 1151 1847 parentes
1179 1756 1221 1820 et
1256 1740 1374 1835 amici
1406 1737 1558 1849 quibus
1593 1736 1726 1819 aditus

356 1856 524 1937 concedi
548 1859 755 1959 potestant
775 1876 975 1961 aegrotum
996 1877 1038 1941 et
1057 1860 1192 1969 juvat,
1217 1862 1296 1943 nisi
1322 1862 1458 1973 aliqua
1487 1888 1607 1948 eausa
1629 1860 1725 1943 huie

359 1976 485 2059 favori
507 2000 549 2055 se
579 1986 767 2082 opponat
882 2006 885 2014 2
1638 2008 1643 2019 ·

410 2226 517 2305 Iram
544 2223 762 2336 aliquando
790 2224 940 2333 egregii
966 2223 1247 2307 fuisnauxttii
1279 2226 1323 2305 in
1349 2224 1505 2309 morbis
1528 2226 1610 2307 alio
1636 2225 1728 2310 loco

360 2347 557 2447 diximus3
583 2348 656 2431 sed
682 2348 871 2431 simulare
892 2370 1107 2457 possumus
1124 2347 1370 2469 nequidem,
1387 2349 1512 2430 istum
1541 2347 1729 2431 αίῖοοωω

359 2472 601 2552 excitantem
619 2472 986 2573 vehementiorem,
1011 2472 1194 2579 quamvis
1216 2488 1349 2553 totum
1375 2493 1522 2581 corpus
1549 2488 1727 2568 moveat,

357 2608 399 2670 et
425 2620 476 2673 ex
497 2595 644 2674 inertia
670 2594 810 2694 tollat,
828 2611 1002 2674 attamen
1033 2593 1265 2702 relinquere
1293 2620 1390 2675 mox
1418 2594 1637 2701 collapsum
1666 2596 1727 2671 vi·

265 2778 270 2791 .
357 2709 535 2807 rium‚et
547 2706 783 2811 languorem
794 2714 1032 2811 generalem.
1044 2713 1160 2783 Idem
1172 2713 1353 2788 dieamus
1367 2714 1418 2785 de
1426 2713 1576 2809 gaudio
1589 2710 1727 2790 subito
1768 2738 1771 2741 ·

359 2844 402 2911 et
437 2828 642 2909 exultanti.
681 2828 810 2937 Igitur
846 2826 1027 2907 medicus
1055 2822 1236 2933 prudens
1276 2827 1439 2905 nonnisi
1475 2828 1520 2905 in
1551 2826 1730 2932 easibus‚

360 2950 435 3033 ubi
466 2951 626 3032 nullum
656 2949 767 3032 aliud
795 2947 1020 3030 remedium
1048 2946 1295 3030 sufficienter
1316 2964 1490 3055 systema
1510 2976 1729 3032 nervosum

358 3089 575 3154 concutere
605 3072 737 3182 raletp
757 3071 860 3152 hane
880 3070 1079 3153 medelam
1104 3071 1336 3179 ambiguam
1360 3071 1577 3181 periclitari
1596 3072 1728 3153 audet.

360 3196 468 3276 Iram
504 3222 725 3309 provocare
757 3194 918 3277 difficile
949 3222 1034 3275 non
1065 3212 1144 3297 est,
1179 3198 1214 3276 si
1249 3196 1462 3279 suscitemur
1497 3222 1644 3304 nempe
1684 3197 1730 3278 in

360 3344 467 3427 aegro
494 3318 587 3403 idea
618 3318 760 3401 offensi
788 3336 859 3402 eut
878 3318 972 3399 mali
1000 3318 1148 3428 injuste
1175 3315 1308 3399 intusi.

414 3576 567 3657 Terror
600 3536 891 3657 solidissimum
926 3592 987 3657 est
1015 3574 1192 3657 excitans
1219 3572 1333 3684 quod
1365 3570 1559 3681 plurimu
1591 3567 1732 3651 turbas

360 3693 528 3799 gignere
547 3716 689 3805 potest
708 3696 952 3779 Affectiones
970 3694 1164 3810 quasdam
1184 3721 1389 3798 nervosas,
1407 3692 1628 3802 paralyses,
1644 3691 1731 3797 epi·
1840 3698 1845 3708 “

362 3812 553 3921 lapsuum,
583 3818 718 3901 febres
746 3821 1056 3904 intermittentes
1084 3836 1125 3899 et
1153 3816 1440 3905 aliosmorbos
1462 3812 1641 3891 sustulit:
1660 3808 1732 3889 sed

360 3955 560 4045 quantum
578 3944 716 4023 nocuit
731 3960 870 4033 contra
882 3943 1003 4051 hujus
1020 3939 1185 4021 affectus
1199 3928 1315 4013 usus!
1338 3948 1488 4038 qamnta
1504 3956 1612 4014 nove
1629 3930 1733 4011 mala

364 4062 634 4133 anterioribus
668 4066 800 4135 adhuc
834 4065 1016 4159 graviora
1047 4080 1134 4133 nou
1161 4050 1365 4132 adduxit?
1399 4080 1524 4162 Qum
1559 4051 1733 4129 cautissi-

363 4174 488 4254 simus
514 4175 641 4279 igitur
667 4176 719 4254 sit
745 4173 926 4255 medicus
952 4178 997 4255 in
1024 4170 1236 4255 excitando
1264 4172 1360 4281 illo,
1380 4171 1543 4253 nonnisi
1565 4170 1611 4249 in
1632 4173 1730 4253 casi-

362 4295 441 4381 bus
472 4293 713 4407 desperetis‚
733 4310 780 4407 vat
795 4297 830 4379 si
853 4296 1011 4414 nullum
1031 4313 1153 4379 restet
1178 4292 1429 4404 perfugium,
1454 4290 1730 4380 adhibendum
