4517 5867
251 2013 326 2162 us
353 2081 744 2174 soorourrsru
776 2087 848 2170 ur
879 2089 953 2170 ur
985 2091 1252 2196 Queruos
1285 2036 1446 2182 virus
1474 2099 1622 2204 oosu

259 2217 291 2270 ¹
477 2267 772 2366 russonum
786 2271 1005 2366 stultus
1031 2244 1395 2410 meursium.

833 2791 866 2930 ς
901 2786 1031 2894 mv.

247 3271 346 3414 Suo
368 3331 420 3414 de
446 3331 687 3440 agriculturis
711 3329 903 3414 hactenus
929 3357 941 3430 ;
963 3355 1088 3444 quam
1115 3357 1209 3417 cum
1231 3330 1468 3413 firmissimis
1493 3360 1611 3443 argu·

242 3456 389 3533 mentis
403 3453 709 3566 illustribusque
724 3455 917 3563 exemplis
927 3452 1042 3534 senili
1055 3455 1258 3564 praecipue
1270 3454 1375 3534 aetati
1393 3459 1611 3538 convenire

220 3649 226 3654 .
242 3566 458 3686 eidemque
478 3601 572 3658 vera
593 3577 731 3657 solatia
753 3576 910 3661 adferre
929 3571 974 3656 'et
994 3576 1141 3682 gaudia
1159 3577 1260 3658 Cato
1284 3575 1611 3682 demonstrasset,

241 3695 378 3802 paucis
406 3697 568 3776 disserit
593 3695 645 3777 de
670 3699 937 3794 Auctoritate,
965 3724 1089 3807 quam
1113 3723 1190 3778 suo
1212 3696 1291 3780 sibi
1309 3697 1400 3804 jure
1424 3716 1608 3780 senectus

241 3815 431 3918 vindicat,
459 3835 501 3898 et
530 3819 573 3898 in
601 3819 682 3930 qud
709 3816 907 3899 laudandi
936 3845 1011 3932 per
1038 3835 1172 3898 totum
1198 3816 1284 3899 sere
1313 3817 1519 3924 dialogum
1547 3839 1609 3902 est

238 3957 426 4022 versatus.
443 3943 654 4024 Existimat
669 3941 796 4040 enim,
815 3939 910 4020 licet
922 3967 997 4022 nec
1014 3967 1039 4020 a
1055 3939 1224 4051 reliquis
1236 3940 1420 4020 aetatibus
1439 3943 1608 4023 omuino

240 4059 454 4144 abhorreat
476 4063 705 4162 auctoritas,
732 4089 823 4144 eam
845 4080 981 4143 tamen
1000 4061 1167 4144 senibus
1185 4089 1309 4172 quem
1330 4065 1503 4144 maxime
1521 4092 1608 4145 esse

239 4183 461 4288 propriam,
476 4185 521 4263 in
539 4182 690 4294 quibus
709 4185 823 4296 quasi
847 4211 966 4269 suum
985 4182 1055 4268 illa
1071 4183 1254 4292 posuisse
1273 4181 1525 4265 domicilium
1543 4189 1604 4265 'vi-

239 4299 368 4380 detur.
388 4308 530 4412 «Aper
543 4319 685 4389 sutem
705 4307 921 4390 senectutis
939 4321 999 4390 est
1021 4307 1274 4388 auctoritas.»
1294 4303 1388 4414 Cap.
1415 4333 1471 4418 ¹7·
1492 4311 1518 4408 §
1536 4305 1601 4410 60,

241 4423 358 4523 Uude
375 4423 479 4506 bene
495 4424 547 4506 de
564 4425 722 4526 Quinto
739 4427 900 4508 Valerio
920 4427 1115 4524 Corvino,
1133 4427 1206 4535 qui
1224 4453 1314 4514 eum
1330 4427 1529 4538 integram
1548 4423 1602 4509 ad

237 4571 465 4652 supremam
482 4559 636 4626 aetatem
650 4550 838 4650 servavit,
854 4550 974 4632 etiam
995 4547 1121 4644 uuit,
1141 4549 1301 4656 «Atque
1312 4545 1406 4654 eius
1421 4565 1602 4662 extrema

388 4689 448 4760 lll.
1404 4713 1448 4785 ¹7
