4517 5867
615 544 639 619 8
890 542 1108 617 torttrus
1129 540 1454 616 tenultatem
1477 542 1737 617 sutirum

613 750 698 836 quo
715 723 823 834 pilus
841 738 1044 833 spectatur
1061 739 1340 826 commotus,
1354 739 1397 805 et
1411 723 1541 809 multo
1563 721 1700 805 minus
1723 721 1813 805 dari
1829 744 1982 831 morta..

496 944 499 952 1
613 844 715 927 lium
734 846 807 927 ulli
829 846 913 927 sola
934 845 1196 928 meditatione
1224 872 1276 925 ex
1298 847 1480 952 cogitatis
1504 846 1589 928 auis
1613 847 1814 957 reperire,
1835 867 1907 931 ant
1931 878 1982 939 ex

612 969 758 1051 iisdem
788 970 833 1050 in
860 997 958 1051 usus
985 970 1184 1050 humanos
1206 969 1399 1048 extricare
1424 971 1529 1049 vires
1550 968 1706 1081 quibus
1728 998 1867 1051 rerum
1884 975 1980 1053 uni-

611 1094 779 1172 versitas
809 1085 964 1172 constet
989 1106 1159 1202 agatque
1187 1118 1197 1168 :
1225 1087 1296 1171 sed
1317 1090 1423 1171 sicut
1441 1093 1589 1196 artium
1620 1090 1980 1199 addiscendamm,

612 1214 669 1291 ita
700 1228 886 1293 naturam
919 1209 1217 1323 contemplandi
1247 1213 1409 1299 initium
1435 1212 1487 1294 ab
1516 1215 1762 1323 experientia
1794 1242 1881 1297 esse
1913 1243 1980 1296 ca·

612 1331 819 1439 piendum.
1473 1378 1476 1383 ·

664 1537 747 1618 Ubi
774 1538 953 1621 innotuit
994 1564 1133 1619 rerum
1164 1540 1364 1649 principia
1395 1566 1472 1623 nos
1506 1540 1675 1621 omniuo
1704 1539 1855 1645 latere,
1887 1568 1983 1623 sen·

611 1684 732 1741 cuum
743 1675 879 1765 autem
896 1659 1118 1741 observatis
1135 1662 1222 1745 illas
1239 1662 1372 1747 solum
1391 1662 1544 1747 addisci
1564 1689 1783 1777 corporum
1801 1666 1982 1775 proprie·

610 1796 732 1884 tates‚.
745 1809 835 1892 quae
855 1783 1108 1893 experiundo
1126 1803 1425 1893 cognoscuntur
1441 1803 1511 1866 aut
1527 1793 1619 1896 quae
1635 1811 1685 1865 ex
1704 1784 1768 1865 bis
1786 1812 1869 1865 uua
1887 1802 1985 1867 tan··
2058 1772 2063 1787 ’

609 1917 699 2005 tum
724 1904 797 1985 hac
828 1906 894 1985 via
917 1906 1032 2016 prius
1062 1907 1281 2016 exploratis
1310 1908 1543 2016 geometrici
1567 1906 1767 1991 ratiocinii
1792 1904 1980 1992 firmitate

611 2024 702 2107 clici
720 2044 901 2135 possunt.
1404 2022 1408 2032 ’

662 2233 749 2314 Hac
768 2236 850 2315 vita
867 2226 1135 2346 quaecumque
1152 2236 1197 2314 in
1214 2250 1357 2313 natura
1375 2232 1563 2313 obtinent
1577 2232 1706 2339 leges,
1723 2233 1888 2342 singulae
1900 2260 1978 2345 pro

608 2376 680 2435 sue
703 2354 862 2435 diversa
882 2353 1021 2436 indole
1044 2354 1213 2437 firmiter
1236 2353 1502 2435 demonstrari
1522 2370 1564 2434 et
1582 2358 1871 2463 experimentis
1888 2384 1979 2437 con·

607 2472 758 2555 firmari
771 2492 998 2584 cmperunt,
1015 2493 1057 2557 et
1076 2473 1298 2583 disciplinae
1310 2502 1449 2554 rerum
1467 2475 1711 2557 naturalium
1728 2475 1780 2556 ad
1793 2476 1979 2559 altiorem

607 2592 866 2703 perfectionis
901 2597 1099 2703 gradum,
1130 2622 1254 2705 quam
1283 2611 1480 2674 retroacto
1511 2597 1657 2705 quovis
1686 2596 1832 2677 saectrlo
1866 2624 1979 2681 nuuc

515 2764 518 2779 ·
608 2748 750 2804 omnes
763 2742 1050 2841 pervenerunt:
1069 2726 1223 2804 interea
1234 2724 1316 2803 suis
1329 2723 1598 2825 incrementis,
1610 2748 1748 2804 nonne
1761 2725 1867 2807 viam
1880 2724 1980 2806 fece·

607 2862 704 2927 runt
716 2845 767 2939 ad
781 2873 924 2955 magna
940 2846 1092 2957 quaevis
1106 2862 1148 2925 et
1155 2842 1397 2955 amplissima
1410 2844 1536 2923 totius
1552 2844 1725 2951 Europae
1739 2845 1981 2929 commoda?

656 3044 703 3123 Si
723 3064 854 3121 novus
872 3034 985 3117 orbis
1003 3034 1187 3117 detectus
1207 3047 1291 3135 est,
1308 3030 1341 3112 si
1361 3046 1506 3112 uotum
1523 3045 1758 3120 estnorum
1768 3034 1976 3141 Belgium,

607 3162 641 3243 si
666 3162 824 3245 celebre
847 3158 1173 3267 promontorium
1192 3168 1427 3263 superatur,
1448 3154 1483 3233 si
1509 3152 1668 3259 nangis
1685 3152 1863 3237 Abicem
1887 3184 1973 3265 am.

530 3346 537 3363 ,
606 3282 749 3383 biunt,
773 3285 806 3363 si
829 3284 923 3369 Asia
944 3280 1154 3385 attingitur
1177 3278 1242 3356 via
1258 3277 1302 3355 iu
1322 3273 1459 3364 medio
1475 3273 1682 3356 undarum
1695 3272 1916 3381 delineata,
1937 3281 1973 3361 si

605 3413 825 3513 immensus
843 3403 929 3510 ejus
952 3396 1230 3505 archipalagus
1248 3396 1520 3502 percurritur,
1537 3396 1572 3471 ei
1592 3394 1740 3497 Chius,
1755 3398 1792 3475 si
1805 3400 1973 3506 Jeponia

606 3526 858 3635 exploratur,
876 3524 911 3601 si
934 3533 1065 3598 nautae
1090 3529 1289 3623 spernunt
1313 3512 1498 3590 turbines
1521 3512 1698 3593 marinos
1724 3531 1765 3594 et
1793 3515 1971 3627 furentes

601 3646 799 3757 procellas
826 3643 879 3733 ad
903 3638 1115 3722 orientales
1140 3634 1287 3717 veteris
1312 3633 1553 3713 continentis
1572 3631 1711 3741 plagas
1733 3640 1970 3723 consociatis

604 3770 760 3850 viribus
779 3769 1030 3866 minitantes,
1047 3758 1138 3862 illa,
1154 3772 1480 3868 quantecumque
1496 3755 1602 3859 sint,
1622 3782 1707 3835 non
1727 3756 1917 3866 fuissent,
1935 3764 1969 3845 si
2086 3756 2089 3760 ’

602 3902 686 3971 tam
704 3888 871 3973 consilio
885 3912 1010 4003 quam
1026 3880 1265 3971 auxiliatrici
1276 3904 1399 3962 mauu
1411 3875 1577 3993 physica
1590 3902 1678 3960 nou
1686 3876 1968 3966 subvenissent

602 4012 745 4094 aninais
763 4010 935 4093 fortibus
953 4004 1200 4112 navigationi
1217 4000 1395 4082 addictis.
1470 4056 1477 4069 .
1503 4052 1507 4058 ·
1694 4001 1697 4010 ’

626 4214 706 4299 .Et
741 4220 834 4326 quis
871 4228 1081 4296 enumeret
1116 4207 1418 4316 disciplinarum
1453 4171 1695 4311 naturalium
1716 4187 1966 4316 ¹multiplicia

599 4340 891 4449 cujuscumque
909 4336 1067 4442 genueris
1087 4336 1274 4432 inventa,
1293 4347 1363 4410 aut
1383 4330 1595 4412 commoda
1614 4346 1657 4409 et
1672 4326 1964 4437 emolumenta,

601 4488 692 4570 quae
719 4458 909 4541 omuibus
939 4454 1196 4537 societatibus
1223 4449 1525 4564 parturierunt!
1553 4452 1638 4537 brec
1663 4452 1699 4532 si
1727 4451 1961 4537 cumulatim
