4517 5867
527 633 598 737 ‚so
867 582 1594 704 ssnnnsoounusuounssn

553 830 640 900 test
670 814 756 911 Ita,
784 808 906 891 rebus
923 826 1130 891 momento
1157 833 1231 892 suo
1259 805 1510 919 ponderatis,
1532 805 1693 905 odium,
1718 808 1913 915 gandium

554 938 744 1033 nimium,
766 934 945 1043 ipsaeque
967 934 1115 1014 amoris
1140 930 1309 1015 flammae
1336 931 1501 1013 fervidae
1524 932 1720 1039 restingui
1738 932 1882 1013 valent

548 1126 551 1131 .
604 1058 730 1141 Caute
749 1056 955 1164 fugiantur
973 1059 1296 1168 opporttmitates
1313 1085 1406 1168 quae
1422 1055 1751 1162 imaginationem
1763 1054 1919 1138 inflam-

549 1206 660 1263 mare
679 1198 859 1291 possunt.
878 1180 964 1265 Sub
984 1181 1070 1291 ejus
1087 1183 1198 1263 enim
1217 1181 1477 1279 exaltatione,
1491 1180 1718 1261 levissimus
1735 1179 1923 1261 stimulus

550 1303 705 1387 nitidas
731 1323 839 1387 creat
864 1307 1166 1414 perceptiones,
1191 1307 1449 1415 animamque
1471 1302 1621 1384 turbat
1649 1303 1923 1412 Exposuinrus
1956 1364 1960 1369 -

548 1424 628 1507 alio
647 1426 757 1529 loco,
773 1430 1060 1507 commercium
1077 1442 1120 1505 ct
1131 1423 1348 1503 relationes
1363 1426 1610 1533 multiplices
1626 1425 1844 1508 homiuum
1863 1426 1921 1507 in·

550 1562 611 1625 ter
639 1574 698 1645 se,
718 1548 938 1625 maximum
959 1548 1204 1625 constituere
1221 1541 1377 1625 fontem
1401 1547 1526 1625 animi
1549 1546 1846 1656 pathematum3
1865 1572 1919 1625 ne

550 1663 752 1746 obnoxius
760 1668 812 1746 sit
820 1667 906 1745 istis
916 1668 1045 1745 causis
1055 1666 1201 1766 homo,
1216 1666 1596 1774 congregationibus
1610 1695 1769 1766 eorum,
1783 1664 1921 1777 quoad

546 1786 635 1897 ¹ejus
652 1786 743 1871 fieri
763 1804 911 1897 potest,
929 1814 1017 1869 sese
1036 1786 1247 1868 subducat
1260 1788 1447 1897 Societas
1462 1788 1920 1889 ummmemtiaritas

550 1908 1024 2021 bominumaapientium
1047 1937 1092 1989 ac
1115 1913 1266 1991 sinuare
1285 1894 1548 2011 praeditorum
1566 1900 1780 2008 seligenda
1802 1920 1921 2001 sunt,

550 2034 700 2113 etenim
736 2033 902 2109 consilia
943 2044 985 2104 et
1029 2022 1212 2132 exempla
1241 2050 1385 2105 corum
1422 2022 1611 2133 repagula
1650 2042 1866 2136 opponunt
1896 2052 1921 2106 a

548 2152 780 2257 passionum
809 2147 947 2228 furore
973 2146 1323 2255 inexsuperabilia

543 2450 546 2457 '
603 2442 737 2523 Labor
764 2452 806 2524 et'
821 2445 1056 2525 exercitium
1077 2448 1260 2554 corporis
1281 2471 1356 2525 nos
1383 2448 1616 2553 passionum
1638 2447 1811 2555 imperio
1826 2444 1920 2527 sub-

552 2565 757 2671 trahendi,
770 2583 964 2677 potestate
980 2566 1145 2677 pollent.
1163 2568 1258 2647 Non
1272 2568 1403 2649 solum
1416 2570 1577 2676 corpori
1594 2565 1749 2647 addunt
1756 2586 1915 2664 tonum,

551 2678 693 2779 verum
713 2690 840 2777 etiam
854 2692 1029 2758 nimum
1048 2692 1279 2788 systematis
1301 2688 1484 2758 amstmri
1506 2676 1771 2761 mobilitatem
1789 2682 1918 2764 immi·

499 2888 503 2894 ,
552 2814 710 2903 nunnt,
737 2805 1000 2909 attentionem
1033 2804 1177 2881 animae
1206 2800 1259 2881 ab
1290 2799 1459 2911 objectis
1487 2829 1580 2912 quae
1607 2802 1719 2883 illam
1753 2805 1919 2887 turbare

553 2922 736 3035 possent,
758 2922 986 3005 deflectunt.
1010 2926 1066 3005 Ut
1087 2923 1214 3034 major
1236 2925 1290 3004 sit
1315 2922 1482 3005 effectus
1509 2942 1551 3004 et
1572 2926 1724 3008 utilitas
1746 2927 1921 3032 laboris,

552 3068 646 3159 rnre
670 3046 888 3155 confugere
913 3075 1152 3157 possumus,
1174 3046 1247 3129 ubi
1274 3050 1422 3128 arctius
1446 3065 1600 3127 naturae
1620 3055 1920 3153 connectimur,

542 3184 591 3246 ‘ct
610 3168 898 3278 ¹desiderantur
920 3174 1048 3280 magis
1073 3198 1199 3253 causae
1223 3171 1347 3252 animi
1371 3171 1661 3280 pathematum.

565 3516 568 3521 .
605 3432 880 3565 Inlringantur
903 3470 1039 3533 autem
1066 3480 1259 3535 sensuum
1281 3471 1322 3535 et
1350 3454 1535 3565 corporis
1556 3452 1802 3565 voluptatem
1824 3480 1919 3533 nam

551 3576 633 3681 quo
654 3574 781 3683 magis
810 3576 895 3658 ister
920 3594 1087 3685 urgent,
1116 3605 1166 3657 eo
1192 3578 1328 3660 minus
1349 3595 1409 3659 est
1427 3567 1647 3687 imperium
1670 3578 1855 3679 cerebri,
1878 3591 1920 3655 et

553 3690 829 3784 observatione
857 3720 1109 3812 compertum
1132 3693 1349 3806 habemus,
1371 3730 1461 3802 eos,
1489 3701 1633 3813 quiin
1657 3702 1836 3784 mollitiis
1857 3702 1919 3775 vi-

552 3832 632 3896 tam
649 3825 1027 3927 agmt„vald0pere
1049 3828 1173 3909 animi
1197 3820 1411 3909 affectibus
1425 3828 1628 3937 expositos
1649 3853 1753 3921 esse,
1773 3837 1814 3899 et
1824 3820 1917 3897 isto

554 3944 645 4021 rum
664 3935 798 4023 'furori
828 3937 941 4023 frena
961 3936 1212 4061 injiceretix
1234 3977 1361 4059 posse.

1445 4082 1586 4092 --*-—

607 4233 702 4313 Non
728 4249 789 4329 est
812 4235 1085 4339 monendum,
1116 4234 1230 4346 quod
1255 4238 1423 4341 spectari
1454 4232 1576 4314 debet
1600 4232 1652 4312 ad
1674 4258 1920 4340 organorum

557 4351 883 4462 dispositionem,
909 4376 950 4441 et
974 4360 1101 4441 varias
1128 4356 1381 4455 aiieefiones3
1408 4358 1579 4440 sienim
1607 4354 1702 4438 talia
1730 4357 1917 4437 incusen-
