4517 5867
394 520 866 640 communalem
879 521 1232 610 QUAESTIONEM
1252 524 1581 596 Ltunnlatlu.
1617 524 1686 633 '579

320 699 495 810 quidem
509 697 677 780 desinit:
696 698 799 810 quin
818 700 940 782 etiam
958 699 1120 798 ceteris,
1141 725 1233 808 quae
1251 718 1488 802 moventur,
1509 703 1576 788 hic
1595 705 1686 799 fona

317 821 391 900 hoc
410 813 656 928 principitun
674 837 735 902 est
755 823 957 926 nrorendi.
977 821 1180 927 Principio
1196 839 1331 902 autem
1353 823 1464 902 nulla
1483 841 1543 904 est
1563 826 1683 932 origo.

315 943 418 1025 Natu
445 969 496 1036 ex
522 944 724 1052 principio
748 945 938 1024 oriuntur
967 943 1128 1054 omniat
1152 945 1287 1050 ipsum
1312 959 1409 1030 aute
1431 945 1542 1031 nulla
1565 974 1617 1026 ex
1639 976 1684 1027 re

315 1062 393 1156 ‚alia
413 1068 521 1158 nasci
534 1059 693 1174 'potastt
711 1093 786 1146 nec
804 1067 912 1146 enim
933 1065 977 1144 id
995 1080 1098 1142 esset
1115 1065 1387 1173 principium,
1406 1067 1519 1176 quod
1541 1071 1682 1182 gigne·
1787 1098 1789 1101 ·

315 1202 428 1276 rema·
446 1185 631 1280 aliunde:
650 1187 763 1296 quod
783 1190 816 1266 si
838 1211 1046 1294 nunquam
1064 1187 1214 1280 oritur,
1239 1212 1315 1267 nec
1339 1187 1492 1267 occidit
1513 1191 1684 1296 quidem

314 1330 507 1416 unquam.
525 1310 630 1395 Nara
647 1309 893 1422 principium
916 1308 1179 1403 exstinctum,
1197 1335 1275 1425 nee
1289 1308 1423 1416 ipsum
1445 1306 1496 1411 al)
1518 1308 1597 1390 alio
1618 1337 1683 1392 ro·

312 1445 521 1525 mouetur,
548 1457 622 1524 nea
652 1457 770 1520 exse
796 1429 905 1521 aliud
935 1427 1105 1520 creabit3
1131 1428 1167 1508 si
1196 1429 1364 1538 quidem
1389 1457 1552 1521 necesse
1578 1447 1683 1525 etta

312 1551 513 1657 principio
534 1551 632 1645 oriri
649 1553 796 1646 omnia.
818 1553 876 1634 Ita
894 1553 960 1647 fit,
979 1567 1026 1634 ut
1046 1543 1180 1634 motus
1198 1552 1444 1658 principium
1462 1578 1512 1664 ea
1532 1578 1582 1635 eo
1606 1554 1681 1655 sit,

312 1670 429 1778 qued
444 1673 579 1778 ipsum
596 1698 619 1762 a
638 1699 681 1768 sa
699 1689 886 1758 mouetur
897 1670 968 1752 :id
986 1687 1124 1752 antem
1139 1697 1215 1750 nec
1231 1674 1338 1775 nasei
1356 1690 1491 1782 potest
1503 1700 1579 1752 nec
1590 1700 1680 1753 mo-

313 1791 373 1885 ri;
390 1791 455 1870 vel
472 1791 657 1878 concidat
672 1819 795 1878 omne
812 1793 981 1893 coelum,
1002 1793 1216 1901 omnisque
1241 1810 1407 1900 natura,
1428 1811 1468 1874 et
1489 1795 1679 1892 oondstat

311 1935 472 1994 necessa
492 1930 571 2014 est,
590 1941 665 1997 nec
684 1917 768 2012 vitu
788 1914 911 1999 ullam
933 1917 1202 2012 nanciscatur,
1226 1941 1348 2022 quaa
1368 1914 1502 2022 primo
1523 1916 1679 2027 (¹)lm'
1766 1981 1775 1992 .
1819 1919 1823 1926 ’

307 2030 426 2136 pulsa
443 2051 661 2118 moveatur.
684 2035 789 2126 Cum
810 2051 942 2142 pateat
957 2037 1101 2138 igitur,
1119 2047 1315 2120 aeternum
1335 2035 1381 2147 id
1399 2062 1507 2136 esse,
1524 2037 1638 2146 quod
1656 2065 1680 2121 a

308 2177 356 2230 se
373 2154 463 2258 ipso
482 2171 711 2248 moveatur3
732 2157 824 2266 quis
843 2171 924 2252 est.
942 2156 1014 2262 qui
1033 2153 1137 2233 lunc
1151 2158 1598 2247 naturant'animiaease
1610 2160 1679 2238 tri.

312 2269 453 2360 butam
470 2273 614 2376 neget?
631 2275 862 2368 Inanimum
879 2289 941 2350 est
958 2274 1069 2350 enim
1086 2299 1225 2373 omne,
1243 2273 1357 2378 qnod
1370 2273 1493 2380 pulsu
1506 2279 1678 2379 agitatur

311 2409 498 2470 externo:
520 2393 632 2500 quod
651 2411 785 2472 autem
802 2392 948 2470 animal
967 2408 1048 2490 est,
1070 2391 1114 2470 id
1132 2409 1248 2498 motu
1267 2395 1396 2503 cietur
1420 2395 1612 2476 interiore
1636 2415 1678 2503 et

311 2537 396 2589 suo.
416 2513 520 2592 Nam
538 2511 620 2590 haeo
638 2529 699 2591 est
714 2529 854 2589 natura
873 2513 1037 2618 propria
1055 2513 1196 2607 animi,
1213 2529 1333 2620 atque
1351 2517 1420 2591 vis.
1441 2516 1544 2614 Quae
1557 2519 1597 2596 si
1617 2537 1677 2599 est

312 2657 394 2710 una
411 2657 462 2710 ex
479 2631 689 2729 omnibus,
707 2657 796 2740 quae
816 2657 904 2710 sese
922 2647 1100 2726 moveat3
1123 2658 1258 2742 neque
1279 2650 1371 2711 nata
1390 2651 1457 2722 ,est
1482 2654 1611 2736 certe,
1634 2658 1677 2718 et

311 2769 457 2831 aeterna
475 2767 570 2830 est.»
581 2753 744 2830 Novum
756 2769 889 2830 tamen
902 2752 980 2830 hor
993 2749 1172 2831 Platonis
1188 2751 1239 2830 de
1253 2754 1558 2836 Immortalitste
1576 2762 1677 2840 Aui-

309 2873 369 2975 ¹mi
388 2888 691 2978 argumentum,
711 2869 823 2982 quod
841 2869 996 2950 firmius
1014 2868 1183 2981 quidem
1206 2885 1266 2950 est
1292 2899 1413 2984 quam
1439 2872 1542 2959 illud
1563 2879 1677 2983 prius

176 3011 181 3018 '
311 3011 599 3094 memoratum,
615 2990 680 3072 vel
700 2991 986 3071 nihilomnino
1004 2989 1151 3097 probat
1168 2988 1233 3070 vel
1251 2991 1434 3072 nimium.
1461 2993 1567 3074 Nam
1591 3001 1677 3105 pri-

312 3139 427 3191 mum
451 3113 657 3209 hominem
679 3112 731 3198 ab
752 3111 911 3191 animali
934 3111 1153 3193 irrationali
1173 3138 1256 3188 non
1275 3110 1510 3226 distinguit,
1535 3133 1676 3226 utpote

312 3261 406 3316 cum
427 3247 561 3326 motus
584 3235 766 3344 utrisque
783 3235 835 3313 sit
852 3235 1094 3332 communis,
1112 3230 1222 3311 unde
1241 3253 1559 3349 consequeretur
1581 3237 1674 3319 bes-

310 3356 458 3446 tiarum
483 3357 634 3444 animas
657 3350 743 3436 non
768 3357 903 3439 minus
927 3382 1012 3434 esse
1034 3353 1283 3436 immortales
1310 3383 1435 3467 quam
1462 3359 1675 3443 rationales

311 3475 524 3573 hominurn
551 3479 717 3564 animos.
746 3475 904 3564 Deinde
930 3477 1066 3584 posuit
1092 3479 1272 3564 animum
1301 3504 1408 3575 esse,
1438 3470 1486 3556 ut
1512 3465 1675 3582 dicunt',

310 3597 588 3704 inprudentem
597 3657 612 3694 ,
633 3597 713 3700 vel,
730 3615 777 3677 ut
794 3625 887 3680 cum
900 3595 1149 3678 Scholasticis
1163 3594 1398 3710 loquamur,
1414 3601 1674 3681 eternitatem

356 3833 402 3924 (1)
446 3833 524 3914 Vox
526 3823 644 3924 primo
653 3835 824 3900 oontextui
837 3811 969 3900 ¹videtur
986 3819 1167 3914 adversari,
1178 3831 1255 3896 lieet
1267 3827 1341 3901 tani
1357 3831 1535 3900 retinuerit
1555 3836 1673 3904 Emes-

310 3939 394 4021 tins‚
404 3939 509 4028 editor
521 3941 561 4006 de
572 3927 731 4006 Cicerone
749 3939 991 4005 meritissimus.
1014 3935 1090 4002 Non
1105 3937 1200 4003 enim
1222 3939 1265 4002 de
1271 3937 1389 4022 primo
1403 3940 1459 4004 sed
1473 3941 1515 4004 de
1529 3943 1672 4009 ssewtdo
1782 3979 1792 3994 ι

310 4053 407 4107 motu
418 4037 474 4107 hio
483 4043 634 4128 loquitur
642 4045 879 4133 philosophus:
892 4044 982 4129 quod
992 4053 1119 4108 constat
1132 4043 1232 4108 etiam
1249 4063 1293 4110 ex
1307 4040 1472 4107 Platonici
1489 4065 1567 4110 vore
1580 4041 1670 4121 ωἷθις.

305 4146 408 4218 Recte
420 4145 507 4220 mihi
519 4145 670 4222 Muretus
681 4147 860 4224 comiato
869 4148 1000 4226 Videtur
1014 4156 1052 4213 ut
1059 4169 1083 4210 a
1088 4146 1214 4232 paimo
1225 4143 1326 4217 Conf.
1341 4145 1526 4243 Bouana,
1537 4149 1670 4237 Rornan-

312 4269 392 4334 ques
404 4269 463 4317 sur
477 4245 616 4324 (iodron
637 4245 849 4334 (Tusculanas
864 4251 891 4314 l.
909 4248 977 4335 23)
992 4271 1067 4339 pag.
1090 4271 1164 4342 ¹97·
1182 4247 1341 4322 Ceterum
1358 4253 1398 4323 de
1416 4251 1479 4326 hoc
1502 4251 1669 4322 Ciceronis

311 4349 583 4446 looooomnlaoar
594 4350 692 4435 etiae)
707 4351 916 4434 Macuosrus
926 4353 1002 4418 Lib.
1016 4353 1042 4416 1.
1055 4374 1126 4442 cap.
1140 4373 1171 4416 2.
1190 4351 1255 4450 13.
1287 4437 1293 4448 ι
1437 4434 1441 4443 Ι
1497 4439 1518 4507 3
1656 4440 1670 4458 .

1474 4464 1493 4507 a
1521 4491 1530 4508 .
