4517 5867
486 740 488 747 ,
728 614 1287 741 mssnrinonrmct
1482 696 1488 707 ·
1638 668 1685 763 37
1818 649 1820 652 ’

326 848 516 927 humores
552 848 604 927 ab
635 848 895 931 interioribus
915 846 1111 931 derivant.
1144 851 1280 930 Homo
1314 846 1582 955 desperationi
1611 864 1684 955 tru7

326 968 455 1067 ditus,
475 996 608 1051 comas
624 973 793 1080 extirpet
809 999 916 1070 suas,
932 996 974 1049 se
988 973 1120 1077 ipsum
1138 968 1320 1066 mordet,
1339 968 1513 1079 aliasque
1532 966 1609 1047 sibi
1623 969 1686 1047 in·
1757 991 1759 995 ⁴

325 1087 579 1295 {Zrssxplaaffi
608 1092 840 1210 Gaudium,
858 1090 1059 1203 hujusque
1082 1093 1241 1199 generis
1262 1089 1425 1173 effeetus
1454 1089 1521 1171 alii
1544 1106 1688 1198 sponte

734 1506 736 1509 Ι
838 1398 1009 1471 CAPUT
1034 1394 1126 1465 2⁶⁰³.

397 1634 456 1700 DE
476 1632 671 1701 numeru
693 1632 846 1702 EORUM
868 1634 917 1701 ut
937 1632 1208 1702 FUNCTIONES
1228 1632 1345 1702 VlTAE
1366 1632 1621 1702 INTERIORIS.

381 1846 599 1924 Circulatio
622 1852 839 1949 sanguinea
864 1849 1094 1927 immediate
1113 1850 1261 1929 actioni
1279 1850 1402 1929 animi
1422 1850 1694 1958 pathematum

327 1961 488 2044 subdita
515 1980 584 2043 est.
618 1964 760 2062 Grata,
793 1963 893 2042 dum
914 1966 1120 2043 moderata
1142 1985 1256 2064 sunt,
1283 1969 1394 2046 illam
1424 1998 1569 2072 pamm
1592 1973 1693 2050 inci·

329 2102 435 2188 tant,
453 2087 744 2165 contractiones
762 2082 895 2164 cordis
915 2073 1139 2163 mediocres
1149 2144 1160 2182 ,
1178 2084 1341 2190 pulsum
1352 2085 1519 2191 plenum
1536 2107 1577 2165 et
1591 2088 1694 2167 mol-

327 2204 409 2283 lem
433 2204 619 2287 reddunt.
646 2206 765 2287 Calor
786 2205 990 2314 paulisper
1015 2221 1187 2310 augetur
1211 2229 1387 2318 quoque.
1407 2207 1516 2285 Dum
1535 2207 1697 2287 alacrio-
1785 2269 1791 2276 .

328 2354 393 2407 res
417 2345 513 2407 sunt
532 2328 755 2408 emotiones
778 2327 878 2430 istae,
894 2343 983 2406 tum
1010 2328 1129 2405 etiam
1148 2327 1316 2406 celerior
1336 2325 1382 2405 fit
1399 2354 1523 2435 gyrus
1543 2332 1696 2434 sangui-

328 2450 407 2549 nis,
436 2450 576 2556 pulsus
601 2448 838 2557 irregulares
866 2466 960 2527 sunt
977 2464 1018 2526 et
1034 2448 1169 2555 parvi,
1191 2446 1308 2527 facies
1327 2474 1422 2532 mox
1444 2448 1583 2548 rubet,
1599 2477 1695 2530 mox

326 2568 470 2675 pallet;
497 2572 541 2649 in
566 2571 627 2649 ira
656 2571 817 2676 sanguis
843 2569 1092 2649 tumultuose
1124 2586 1331 2669 movetur,
1360 2596 1431 2648 cor
1458 2597 1549 2647 cum
1578 2598 1694 2653 ener-

330 2689 395 2787 gia
414 2691 571 2762 ineum
590 2692 692 2785 ogit,
715 2688 855 2787 pulsus
878 2688 1000 2769 fortes
1018 2705 1113 2769 sunt
1133 2706 1174 2768 et
1194 2689 1414 2786 celerrimi,
1437 2690 1579 2795 ingens
1604 2718 1695 2770 san·

327 2803 464 2908 guinis
484 2802 599 2909 copia
626 2801 678 2880 ad
704 2817 823 2909 capnt
852 2798 964 2878 etad
993 2814 1127 2877 cutem
1155 2795 1299 2897 fertur,
1325 2802 1476 2877 arteriae
1501 2808 1697 2887 carotides

327 2924 478 3002 micant
498 2920 739 3024 admodum,
761 2918 882 3001 rubet
908 2919 1041 3020 facies,
1071 2917 1179 3007 calor
1206 2925 1375 3025 augetur
1400 2937 1441 2999 et
1460 2923 1564 3001 actio
1583 2950 1694 3005 mus·

330 3042 515 3122 culorum
539 3044 734 3121 increscit.
758 3038 968 3120 Interdum
998 3042 1118 3152 etiam
1145 3040 1223 3119 sub
1255 3041 1315 3119 ira
1348 3068 1438 3141 cor,
1464 3041 1519 3122 ob
1545 3045 1694 3127 validas

331 3162 620 3240 contractiones
639 3188 744 3262 suas,
764 3189 848 3241 non
871 3160 1041 3270 amplius
1063 3162 1207 3267 reagit,
1228 3162 1368 3269 pulsus
1389 3162 1435 3243 lit
1451 3192 1621 3272 parvus,
1639 3168 1694 3247 in-

330 3282 583 3379 termittens,
614 3298 655 3360 et
687 3280 894 3363 suboritur
930 3282 1178 3390 lipothymia.
1208 3282 1386 3364 Affectus
1423 3286 1694 3391 deprimentes

330 3400 464 3482 cordis
477 3404 562 3481 vim
575 3399 816 3510 infringunt,
830 3404 993 3512 pulsum
1008 3401 1185 3483 reddunt
1198 3429 1385 3511 parvum,
1399 3404 1555 3483 lentum
1567 3420 1608 3485 et
1621 3407 1693 3487 de·

329 3519 479 3620 bil'em3
498 3525 661 3629 sanguis
685 3524 736 3604 ad
762 3526 953 3605 interiora
978 3524 1202 3631 colligitur3
1225 3521 1498 3604 unde‘sensus
1514 3515 1694 3633 frigoris,
1759 3626 1769 3639 ι

329 3642 462 3747 pallor
483 3642 595 3730 faciei
616 3663 657 3726 et
681 3644 969 3727 membrorum.
998 3648 1082 3727 Cor
1107 3647 1302 3751 sanguine
1330 3646 1452 3725 nimis
1479 3646 1695 3754 obrutum,

330 3759 556 3844 functiones
576 3793 665 3845 suas
679 3793 849 3867 cessare,
863 3785 904 3849 et
926 3766 1174 3876 lipothymiae
1185 3766 1346 3847 mortali
1363 3793 1501 3881 ansam
1514 3768 1693 3874 praebere

329 3898 485 3988 potest3
524 3884 575 3964 sd
611 3888 822 3966 cerebrum
858 3916 980 3994 parve
1010 3891 1125 3994 copia
1142 3883 1362 3986 sanguinis
1391 3890 1694 3995 transmittitur,

329 4008 414 4107 quo
441 4004 508 4102 fit,
533 4023 580 4085 ut
605 4010 786 4090 ¹actiones
812 4006 932 4108 hujus
966 3994 1112 4109 organi
1138 4003 1360 4083 necessario
1392 4004 1592 4090 debilitari
1617 4009 1687 4093 de·

330 4118 462 4198 beant.

391 4324 527 4406 Morbi
546 4352 650 4435 quos
671 4327 861 4409 suscitant
877 4332 1000 4413 animi
1018 4332 1181 4415 allectus
1197 4314 1241 4417 in
1258 4295 1337 4416 boc
1353 4352 1578 4443 systemate,
1595 4285 1692 4423 sunt

332 4443 463 4526 febres
487 4465 630 4555 ocutoe,
655 4448 1007 4563 inflammationes,
1028 4454 1323 4567 haemorrhagiae
1341 4486 1449 4568 ‚quas
1470 4462 1592 4544 etiam
1615 4465 1690 4546 sis·
