4517 5867
60 3960 68 4017 i

60 4094 65 4141 Ι

607 629 854 702 nesrorsto
877 631 941 699 ru
964 631 1131 719 Qunsr.
1157 636 1295 703 suurn.
1569 662 1621 731 99

256 824 351 901 latio
369 822 471 902 facta
492 823 560 920 sit;
576 839 617 903 ot
634 824 678 903 id
698 853 782 915 non
802 826 1075 933 praesumitur,
1095 828 1167 909 sed
1187 855 1345 909 necesse
1369 846 1491 909 estut
1509 852 1618 911 actor

255 944 359 1023 illud
378 946 563 1052 probet(
589 947 615 1048 ).

309 1186 529 1267 Videamus
552 1214 662 1268 nunc
685 1187 736 1269 de
758 1190 1021 1297 possessionis
1043 1190 1267 1270 commodis
1290 1209 1379 1270 tum
1399 1193 1516 1271 bonae
1535 1211 1625 1272 tum

261 1306 372 1387 malae
390 1308 484 1386 fidei
501 1312 720 1414 possessori
736 1313 1069 1419 competentibus.

311 1556 423 1634 Inter
441 1557 525 1637 hoec
546 1561 725 1666 primum
743 1577 821 1662 est,
834 1559 965 1670 quod,
988 1559 1295 1669 qualiscumque
1312 1586 1531 1666 possessor,
1549 1562 1626 1641 hoc

260 1676 346 1755 solo
363 1677 478 1785 quod
495 1680 694 1785 possidet,
715 1698 926 1759 conservet
942 1681 1021 1759 sibi
1039 1708 1147 1783 rem,
1169 1678 1300 1759 donec
1317 1682 1409 1789 quis
1430 1682 1625 1787 probave-

258 1800 327 1898 rit,
348 1827 390 1877 se
408 1801 452 1878 in
470 1828 514 1878 re
532 1802 623 1907 plus
634 1800 737 1907 juris
755 1802 925 1896 habere;
943 1830 1055 1902 nam,
1072 1804 1128 1879 ait
1143 1818 1213 1879 art.
1229 1801 1332 1881 2230
1346 1800 1445 1879 Cod.
1466 1802 1569 1900 civ,
1583 1803 1626 1878 la

250 1924 472 2025 possession
483 1940 589 2000 eant
600 1925 690 2003 titre
696 1920 865 2030 josqo'ci
882 1922 927 1999 lo
933 1950 1079 2030 preuve
1096 1919 1154 1997 do
1172 1924 1382 2013 contraire,
1412 1921 1459 1998 eei
1476 1920 1627 1999 scilicet

258 2042 437 2139 ratione,
456 2041 569 2149 quod
592 2060 809 2148 antequam
829 2043 907 2119 hoc
926 2040 1147 2144 probatum
1168 2040 1236 2139 sit,
1257 2036 1370 2116 nulla
1392 2038 1504 2116 adest
1525 2040 1628 2115 ratio

259 2162 446 2241 mutandi
471 2179 620 2242 statum
647 2190 796 2241 rerum.
824 2162 931 2239 Hinc
951 2161 1072 2238 etiam
1097 2158 1246 2237 fruitur
1265 2184 1471 2264 possessor
1499 2160 1631 2237 omni-

259 2280 340 2358 bus
372 2280 533 2388 juribus
567 2284 803 2389 proprietati
832 2285 1018 2381 annexis,
1049 2296 1089 2359 et
1118 2280 1272 2359 fructus
1307 2279 1500 2385 percipit,
1528 2303 1632 2385 quos

200 2470 204 2480 .
260 2419 420 2499 tamen,
442 2407 477 2481 si
497 2403 609 2481 malae
629 2402 724 2480 fidei
741 2406 812 2503 sit,
834 2400 957 2481 debet
977 2401 1146 2479 domino
1164 2399 1464 2507 supervenienti
1481 2415 1522 2479 et
1544 2425 1632 2477 rem

264 2546 378 2599 suam
400 2526 599 2629 repetenti
618 2525 839 2603 restituere.

316 2764 512 2841 Praeteree
529 2790 623 2841 cum
639 2763 761 2870 longe
775 2762 1030 2843 commodius
1047 2763 1100 2841 sit
1117 2760 1323 2866 possidere
1345 2786 1466 2870 quum
1483 2776 1648 2866 petere,

267 2908 361 2961 curn
374 2885 500 2963 actori
516 2885 724 2964 incumbat
734 2912 838 2963 onus
850 2871 1071 2987 probandi,
1085 2871 1309 2979 plurimum
1329 2874 1497 2951 interest
1511 2880 1639 2981 cujus·

267 3025 443 3107 cumque
474 3007 741 3103 possessoris,
773 2999 1069 3103 possessionem
1099 3020 1195 3072 casu
1228 2992 1542 3098 perturbationis
1567 3011 1638 3073 aut

269 3120 391 3198 etiam
408 3119 658 3226 spoliationis
669 3145 786 3226 posse
797 3120 972 3199 retinere
979 3115 1044 3196 rel
1058 3140 1312 3221 recuperare,
1325 3112 1500 3224 ideoque
1518 3116 1638 3193 etiem

271 3240 438 3319 cuilibet
446 3244 665 3348 possessori
680 3258 918 3350 comparatae
931 3242 1231 3341 suntectiones,
1244 3264 1334 3347 quae
1349 3265 1432 3319 non
1449 3238 1526 3317 nisi
1545 3264 1638 3343 pos·

272 3365 492 3443 sessionem
523 3384 811 3447 concernentes
836 3364 1044 3473 appellatos
1070 3378 1166 3442 sunt
1189 3362 1364 3440 actiones
1386 3358 1641 3468 possessoriae

274 3502 345 3564 art.
359 3486 411 3568 23
430 3487 529 3567 Cod.
550 3491 662 3570 Proc.
678 3489 899 3571 Videamus
920 3514 1052 3592 nunc,
1069 3484 1172 3597 quid
1192 3483 1293 3592 juris
1313 3481 1364 3563 de
1386 3481 1450 3562 his
1470 3479 1639 3561 aedoni-

276 3605 355 3685 bus
375 3609 568 3691 obtineat.

322 3902 377 4001 (ti
395 3914 644 3997 Dsenrcoun,
661 3913 754 3982 Tem.
771 3914 815 3992 11,
831 3935 902 4003 pag.
918 3911 982 3978 233
996 3925 1030 3978 et
1042 3912 1124 3975 suiv.
1215 3895 1218 3903 ’
