<?xml version="1.0" encoding="UTF-8"?>
<!DOCTYPE html PUBLIC "-//W3C//DTD XHTML 1.0 Transitional//EN"
    "http://www.w3.org/TR/xhtml1/DTD/xhtml1-transitional.dtd">
<html xmlns="http://www.w3.org/1999/xhtml" xml:lang="en" lang="en">
 <head>
  <title>
</title>
<meta http-equiv="Content-Type" content="text/html;charset=utf-8" />
  <meta name='ocr-system' content='tesseract 3.04.00' />
  <meta name='ocr-capabilities' content='ocr_page ocr_carea ocr_par ocr_line ocrx_word'/>
</head>
<body>
  <div class='ocr_page' id='page_1' title='image "annalesacademia01goog_0379.png"; bbox 0 0 4517 5867; ppageno 0'>
   <div class='ocr_carea' id='block_1_1' title="bbox 642 604 1670 719">
    <p class='ocr_par' dir='ltr' id='par_1_1' title="bbox 642 604 1670 719">
     <span class='ocr_line' id='line_1_1' title="bbox 642 604 1670 719; baseline 0 -38"><span class='ocrx_word' id='word_1_1' title='bbox 642 610 886 683; x_wconf 80' lang='lat' dir='ltr'><strong>nusrousto</strong></span> <span class='ocrx_word' id='word_1_2' title='bbox 911 610 975 677; x_wconf 78' lang='lat' dir='ltr'><strong>an</strong></span> <span class='ocrx_word' id='word_1_3' title='bbox 998 609 1181 695; x_wconf 83' lang='lat' dir='ltr'><strong>Qusnsr.</strong></span> <span class='ocrx_word' id='word_1_4' title='bbox 1194 604 1346 680; x_wconf 78' lang='lat' dir='ltr'><strong>‘sumu</strong></span> <span class='ocrx_word' id='word_1_5' title='bbox 1626 611 1670 719; x_wconf 71' lang='lat' dir='ltr'><strong>ss</strong></span> 
     </span>
    </p>
   </div>
   <div class='ocr_carea' id='block_1_2' title="bbox 299 788 1670 1148">
    <p class='ocr_par' dir='ltr' id='par_1_2' title="bbox 299 788 1670 1148">
     <span class='ocr_line' id='line_1_2' title="bbox 300 788 1668 907; baseline -0.003 -28"><span class='ocrx_word' id='word_1_6' title='bbox 300 795 617 907; x_wconf 77' lang='lat' dir='ltr'><strong>apprehensione</strong></span> <span class='ocrx_word' id='word_1_7' title='bbox 635 816 754 900; x_wconf 76' lang='lat' dir='ltr'><strong>¹opus</strong></span> <span class='ocrx_word' id='word_1_8' title='bbox 789 806 858 870; x_wconf 88' lang='lat' dir='ltr'><strong>est.</strong></span> <span class='ocrx_word' id='word_1_9' title='bbox 892 788 947 867; x_wconf 84' lang='lat' dir='ltr'><strong>At</strong></span> <span class='ocrx_word' id='word_1_10' title='bbox 976 815 1074 869; x_wconf 84' lang='lat' dir='ltr'><strong>vero</strong></span> <span class='ocrx_word' id='word_1_11' title='bbox 1095 788 1139 868; x_wconf 89' lang='lat' dir='ltr'><strong>&#39;si</strong></span> <span class='ocrx_word' id='word_1_12' title='bbox 1170 807 1308 895; x_wconf 83' lang='lat' dir='ltr'><strong>agatur</strong></span> <span class='ocrx_word' id='word_1_13' title='bbox 1329 791 1381 870; x_wconf 87' lang='lat' dir='ltr'><strong>de</strong></span> <span class='ocrx_word' id='word_1_14' title='bbox 1422 792 1668 901; x_wconf 65' lang='lat' dir='ltr'><strong>acquirendi</strong></span> 
     </span>
     <span class='ocr_line' id='line_1_3' title="bbox 299 912 1669 1029; baseline -0.004 -28"><span class='ocrx_word' id='word_1_15' title='bbox 299 921 549 1029; x_wconf 85' lang='lat' dir='ltr'><strong>possessione</strong></span> <span class='ocrx_word' id='word_1_16' title='bbox 574 920 680 997; x_wconf 89' lang='lat' dir='ltr'><strong>iuter</strong></span> <span class='ocrx_word' id='word_1_17' title='bbox 708 912 913 1011; x_wconf 82' lang='lat' dir='ltr'><strong>volentes,</strong></span> <span class='ocrx_word' id='word_1_18' title='bbox 935 938 1095 993; x_wconf 85' lang='lat' dir='ltr'><strong>necesse</strong></span> <span class='ocrx_word' id='word_1_19' title='bbox 1120 939 1206 993; x_wconf 89' lang='lat' dir='ltr'><strong>non</strong></span> <span class='ocrx_word' id='word_1_20' title='bbox 1226 913 1398 1020; x_wconf 89' lang='lat' dir='ltr'><strong>amplius</strong></span> <span class='ocrx_word' id='word_1_21' title='bbox 1426 930 1487 993; x_wconf 89' lang='lat' dir='ltr'><strong>est</strong></span> <span class='ocrx_word' id='word_1_22' title='bbox 1514 942 1608 1003; x_wconf 77' lang='lat' dir='ltr'><strong>vera</strong></span> <span class='ocrx_word' id='word_1_23' title='bbox 1626 932 1669 997; x_wconf 89' lang='lat' dir='ltr'><strong>et</strong></span> 
     </span>
     <span class='ocr_line' id='line_1_4' title="bbox 299 1032 1670 1148; baseline -0.004 -25"><span class='ocrx_word' id='word_1_24' title='bbox 299 1042 491 1123; x_wconf 86' lang='lat' dir='ltr'><strong>naturalis</strong></span> <span class='ocrx_word' id='word_1_25' title='bbox 528 1044 614 1148; x_wconf 90' lang='lat' dir='ltr'><strong>ipsa</strong></span> <span class='ocrx_word' id='word_1_26' title='bbox 645 1040 704 1118; x_wconf 92' lang='lat' dir='ltr'><strong>rei</strong></span> <span class='ocrx_word' id='word_1_27' title='bbox 740 1034 1035 1147; x_wconf 88' lang='lat' dir='ltr'><strong>apprehensio;</strong></span> <span class='ocrx_word' id='word_1_28' title='bbox 1067 1035 1139 1115; x_wconf 91' lang='lat' dir='ltr'><strong>sed</strong></span> <span class='ocrx_word' id='word_1_29' title='bbox 1174 1035 1293 1114; x_wconf 89' lang='lat' dir='ltr'><strong>sicuti</strong></span> <span class='ocrx_word' id='word_1_30' title='bbox 1330 1032 1557 1116; x_wconf 91' lang='lat' dir='ltr'><strong>dominium</strong></span> <span class='ocrx_word' id='word_1_31' title='bbox 1592 1038 1670 1117; x_wconf 66' lang='lat' dir='ltr'><strong>ali«</strong></span> 
     </span>
    </p>
   </div>
   <div class='ocr_carea' id='block_1_3' title="bbox 294 1156 1690 2007">
    <p class='ocr_par' dir='ltr' id='par_1_3' title="bbox 294 1156 1690 2007">
     <span class='ocr_line' id='line_1_5' title="bbox 299 1156 1665 1277; baseline -0.003 -31"><span class='ocrx_word' id='word_1_32' title='bbox 299 1166 465 1277; x_wconf 87' lang='lat' dir='ltr'><strong>quando</strong></span> <span class='ocrx_word' id='word_1_33' title='bbox 487 1166 708 1274; x_wconf 86' lang='lat' dir='ltr'><strong>acquiritur</strong></span> <span class='ocrx_word' id='word_1_34' title='bbox 727 1161 818 1241; x_wconf 73' lang='lat' dir='ltr'><strong>ficte</strong></span> <span class='ocrx_word' id='word_1_35' title='bbox 843 1158 1079 1262; x_wconf 82' lang='lat' dir='ltr'><strong>traditione,</strong></span> <span class='ocrx_word' id='word_1_36' title='bbox 1105 1160 1163 1238; x_wconf 84' lang='lat' dir='ltr'><strong>ita</strong></span> <span class='ocrx_word' id='word_1_37' title='bbox 1180 1161 1301 1239; x_wconf 89' lang='lat' dir='ltr'><strong>etiam</strong></span> <span class='ocrx_word' id='word_1_38' title='bbox 1323 1156 1413 1237; x_wconf 72' lang='lat' dir='ltr'><strong>ficta</strong></span> <span class='ocrx_word' id='word_1_39' title='bbox 1438 1161 1665 1268; x_wconf 85' lang='lat' dir='ltr'><strong>apprehen·</strong></span> 
     </span>
     <span class='ocr_line' id='line_1_6' title="bbox 298 1280 1665 1395; baseline -0.003 -28"><span class='ocrx_word' id='word_1_40' title='bbox 298 1290 413 1369; x_wconf 88' lang='lat' dir='ltr'><strong>sione</strong></span> <span class='ocrx_word' id='word_1_41' title='bbox 439 1288 638 1394; x_wconf 84' lang='lat' dir='ltr'><strong>possessio</strong></span> <span class='ocrx_word' id='word_1_42' title='bbox 665 1285 730 1361; x_wconf 91' lang='lat' dir='ltr'><strong>hic</strong></span> <span class='ocrx_word' id='word_1_43' title='bbox 755 1280 974 1395; x_wconf 87' lang='lat' dir='ltr'><strong>aliquando</strong></span> <span class='ocrx_word' id='word_1_44' title='bbox 1000 1284 1240 1393; x_wconf 74' lang='lat' dir='ltr'><strong>acquiritur.</strong></span> <span class='ocrx_word' id='word_1_45' title='bbox 1262 1281 1541 1390; x_wconf 84' lang='lat' dir='ltr'><strong>Apprehensio</strong></span> <span class='ocrx_word' id='word_1_46' title='bbox 1568 1311 1665 1363; x_wconf 87' lang='lat' dir='ltr'><strong>vero</strong></span> 
     </span>
     <span class='ocr_line' id='line_1_7' title="bbox 296 1403 1690 1511; baseline -0.003 -24"><span class='ocrx_word' id='word_1_47' title='bbox 296 1410 379 1487; x_wconf 86' lang='lat' dir='ltr'><strong>haec</strong></span> <span class='ocrx_word' id='word_1_48' title='bbox 397 1408 485 1487; x_wconf 88' lang='lat' dir='ltr'><strong>ficta</strong></span> <span class='ocrx_word' id='word_1_49' title='bbox 509 1407 555 1486; x_wconf 84' lang='lat' dir='ltr'><strong>fit</strong></span> <span class='ocrx_word' id='word_1_50' title='bbox 577 1405 873 1485; x_wconf 83' lang='lat' dir='ltr'><strong>commoditatis</strong></span> <span class='ocrx_word' id='word_1_51' title='bbox 901 1406 1018 1485; x_wconf 74' lang='lat' dir='ltr'><strong>causti</strong></span> <span class='ocrx_word' id='word_1_52' title='bbox 1048 1404 1113 1484; x_wconf 86' lang='lat' dir='ltr'><strong>vel</strong></span> <span class='ocrx_word' id='word_1_53' title='bbox 1140 1404 1255 1483; x_wconf 88' lang='lat' dir='ltr'><strong>brevi</strong></span> <span class='ocrx_word' id='word_1_54' title='bbox 1282 1430 1428 1502; x_wconf 89' lang='lat' dir='ltr'><strong>runnu,</strong></span> <span class='ocrx_word' id='word_1_55' title='bbox 1452 1404 1517 1483; x_wconf 85' lang='lat' dir='ltr'><strong>vel</strong></span> <span class='ocrx_word' id='word_1_56' title='bbox 1543 1403 1690 1511; x_wconf 50' lang='lat' dir='ltr'><strong>longa.</strong></span> 
     </span>
     <span class='ocr_line' id='line_1_8' title="bbox 294 1525 1666 1639; baseline -0.004 -28"><span class='ocrx_word' id='word_1_57' title='bbox 294 1556 418 1611; x_wconf 87' lang='lat' dir='ltr'><strong>manu</strong></span> <span class='ocrx_word' id='word_1_58' title='bbox 428 1529 492 1609; x_wconf 89' lang='lat' dir='ltr'><strong>vel</strong></span> <span class='ocrx_word' id='word_1_59' title='bbox 507 1527 695 1637; x_wconf 89' lang='lat' dir='ltr'><strong>symbolo</strong></span> <span class='ocrx_word' id='word_1_60' title='bbox 704 1556 777 1609; x_wconf 90' lang='lat' dir='ltr'><strong>seu</strong></span> <span class='ocrx_word' id='word_1_61' title='bbox 789 1529 903 1635; x_wconf 88' lang='lat' dir='ltr'><strong>signo</strong></span> <span class='ocrx_word' id='word_1_62' title='bbox 914 1529 1050 1639; x_wconf 84' lang='lat' dir='ltr'><strong>aliquo</strong></span> <span class='ocrx_word' id='word_1_63' title='bbox 1063 1544 1240 1609; x_wconf 85' lang='lat' dir='ltr'><strong>externo.</strong></span> <span class='ocrx_word' id='word_1_64' title='bbox 1250 1529 1367 1607; x_wconf 88' lang='lat' dir='ltr'><strong>Brevi</strong></span> <span class='ocrx_word' id='word_1_65' title='bbox 1376 1535 1516 1630; x_wconf 82' lang='lat' dir='ltr'><strong>maun,</strong></span> <span class='ocrx_word' id='word_1_66' title='bbox 1525 1545 1573 1607; x_wconf 91' lang='lat' dir='ltr'><strong>ut</strong></span> <span class='ocrx_word' id='word_1_67' title='bbox 1579 1530 1612 1608; x_wconf 89' lang='lat' dir='ltr'><strong>si</strong></span> <span class='ocrx_word' id='word_1_68' title='bbox 1622 1525 1666 1607; x_wconf 90' lang='lat' dir='ltr'><strong>id</strong></span> 
     </span>
     <span class='ocr_line' id='line_1_9' title="bbox 295 1649 1662 1761; baseline 0 -32"><span class='ocrx_word' id='word_1_69' title='bbox 295 1649 1662 1761; x_wconf 87' lang='lat' dir='ltr'><strong>quodalienonominepossides,tuonominepossidereincipisL9,</strong></span> 
     </span>
     <span class='ocr_line' id='line_1_10' title="bbox 294 1771 1660 1883; baseline -0.002 -30"><span class='ocrx_word' id='word_1_70' title='bbox 294 1776 367 1880; x_wconf 82' lang='lat'><strong>§9</strong></span> <span class='ocrx_word' id='word_1_71' title='bbox 393 1771 433 1853; x_wconf 82' lang='lat' dir='ltr'><strong>ff.</strong></span> <span class='ocrx_word' id='word_1_72' title='bbox 458 1772 508 1855; x_wconf 90' lang='lat' dir='ltr'><strong>de</strong></span> <span class='ocrx_word' id='word_1_73' title='bbox 537 1772 620 1855; x_wconf 88' lang='lat' dir='ltr'><strong>reb.</strong></span> <span class='ocrx_word' id='word_1_74' title='bbox 643 1772 767 1878; x_wconf 84' lang='lat' dir='ltr'><strong>cred,</strong></span> <span class='ocrx_word' id='word_1_75' title='bbox 783 1802 856 1855; x_wconf 86' lang='lat' dir='ltr'><strong>seu</strong></span> <span class='ocrx_word' id='word_1_76' title='bbox 878 1776 914 1853; x_wconf 91' lang='lat' dir='ltr'><strong>si</strong></span> <span class='ocrx_word' id='word_1_77' title='bbox 932 1776 1154 1855; x_wconf 86' lang='lat' dir='ltr'><strong>constituas</strong></span> <span class='ocrx_word' id='word_1_78' title='bbox 1174 1792 1214 1855; x_wconf 90' lang='lat' dir='ltr'><strong>te</strong></span> <span class='ocrx_word' id='word_1_79' title='bbox 1235 1775 1279 1852; x_wconf 90' lang='lat' dir='ltr'><strong>in</strong></span> <span class='ocrx_word' id='word_1_80' title='bbox 1298 1790 1508 1883; x_wconf 90' lang='lat' dir='ltr'><strong>posterum</strong></span> <span class='ocrx_word' id='word_1_81' title='bbox 1529 1772 1660 1851; x_wconf 85' lang='lat' dir='ltr'><strong>alieno</strong></span> 
     </span>
     <span class='ocr_line' id='line_1_11' title="bbox 294 1896 1660 2007; baseline 0.001 -34"><span class='ocrx_word' id='word_1_82' title='bbox 294 1898 459 1977; x_wconf 90' lang='lat' dir='ltr'><strong>nomine</strong></span> <span class='ocrx_word' id='word_1_83' title='bbox 480 1898 686 2007; x_wconf 88' lang='lat' dir='ltr'><strong>possidere</strong></span> <span class='ocrx_word' id='word_1_84' title='bbox 703 1899 745 1977; x_wconf 87' lang='lat' dir='ltr'><strong>L</strong></span> <span class='ocrx_word' id='word_1_85' title='bbox 772 1897 818 1979; x_wconf 88' lang='lat'><strong>18</strong></span> <span class='ocrx_word' id='word_1_86' title='bbox 837 1925 887 2006; x_wconf 94' lang='lat' dir='ltr'><strong>pr</strong></span> <span class='ocrx_word' id='word_1_87' title='bbox 899 1896 938 1977; x_wconf 84' lang='lat' dir='ltr'><strong>ff.</strong></span> <span class='ocrx_word' id='word_1_88' title='bbox 960 1898 998 1977; x_wconf 92' lang='lat' dir='ltr'><strong>h.</strong></span> <span class='ocrx_word' id='word_1_89' title='bbox 1020 1914 1065 2001; x_wconf 86' lang='lat' dir='ltr'><strong>t,</strong></span> <span class='ocrx_word' id='word_1_90' title='bbox 1080 1915 1127 1977; x_wconf 88' lang='lat' dir='ltr'><strong>ut</strong></span> <span class='ocrx_word' id='word_1_91' title='bbox 1146 1899 1180 1977; x_wconf 91' lang='lat' dir='ltr'><strong>si</strong></span> <span class='ocrx_word' id='word_1_92' title='bbox 1199 1897 1328 1977; x_wconf 88' lang='lat' dir='ltr'><strong>dones</strong></span> <span class='ocrx_word' id='word_1_93' title='bbox 1348 1926 1436 1977; x_wconf 85' lang='lat' dir='ltr'><strong>rem</strong></span> <span class='ocrx_word' id='word_1_94' title='bbox 1454 1896 1570 1977; x_wconf 87' lang='lat' dir='ltr'><strong>alteri</strong></span> <span class='ocrx_word' id='word_1_95' title='bbox 1596 1922 1660 1976; x_wconf 88' lang='lat' dir='ltr'><strong>re·</strong></span> 
     </span>
    </p>
   </div>
   <div class='ocr_carea' id='block_1_4' title="bbox 292 2018 1672 2245">
    <p class='ocr_par' dir='ltr' id='par_1_4' title="bbox 292 2018 1672 2245">
     <span class='ocr_line' id='line_1_12' title="bbox 292 2018 1672 2127; baseline 0 -32"><span class='ocrx_word' id='word_1_96' title='bbox 292 2032 406 2097; x_wconf 91' lang='lat' dir='ltr'><strong>tento</strong></span> <span class='ocrx_word' id='word_1_97' title='bbox 419 2019 495 2105; x_wconf 89' lang='lat' dir='ltr'><strong>tibi</strong></span> <span class='ocrx_word' id='word_1_98' title='bbox 505 2018 717 2101; x_wconf 82' lang='lat' dir='ltr'><strong>usufructu</strong></span> <span class='ocrx_word' id='word_1_99' title='bbox 729 2022 772 2099; x_wconf 93' lang='lat' dir='ltr'><strong>L.</strong></span> <span class='ocrx_word' id='word_1_100' title='bbox 785 2022 835 2104; x_wconf 79' lang='lat'><strong>28</strong></span> <span class='ocrx_word' id='word_1_101' title='bbox 858 2021 900 2102; x_wconf 93' lang='lat' dir='ltr'><strong>C.</strong></span> <span class='ocrx_word' id='word_1_102' title='bbox 913 2020 950 2100; x_wconf 95' lang='lat' dir='ltr'><strong>h.</strong></span> <span class='ocrx_word' id='word_1_103' title='bbox 963 2038 1009 2119; x_wconf 93' lang='lat' dir='ltr'><strong>t.,</strong></span> <span class='ocrx_word' id='word_1_104' title='bbox 1026 2023 1124 2102; x_wconf 90' lang='lat' dir='ltr'><strong>item</strong></span> <span class='ocrx_word' id='word_1_105' title='bbox 1140 2018 1407 2102; x_wconf 81' lang='lat' dir='ltr'><strong>conducendo</strong></span> <span class='ocrx_word' id='word_1_106' title='bbox 1426 2048 1529 2117; x_wconf 88' lang='lat' dir='ltr'><strong>rem,</strong></span> <span class='ocrx_word' id='word_1_107' title='bbox 1542 2041 1672 2127; x_wconf 85' lang='lat' dir='ltr'><strong>quam</strong></span> 
     </span>
     <span class='ocr_line' id='line_1_13' title="bbox 294 2132 1661 2245; baseline 0 -29"><span class='ocrx_word' id='word_1_108' title='bbox 294 2138 475 2243; x_wconf 88' lang='lat' dir='ltr'><strong>possides</strong></span> <span class='ocrx_word' id='word_1_109' title='bbox 490 2144 576 2215; x_wconf 86' lang='lat' dir='ltr'><strong>sive</strong></span> <span class='ocrx_word' id='word_1_110' title='bbox 595 2146 618 2211; x_wconf 92' lang='lat' dir='ltr'><strong>a</strong></span> <span class='ocrx_word' id='word_1_111' title='bbox 635 2132 804 2213; x_wconf 89' lang='lat' dir='ltr'><strong>domino</strong></span> <span class='ocrx_word' id='word_1_112' title='bbox 821 2135 906 2213; x_wconf 88' lang='lat' dir='ltr'><strong>sive</strong></span> <span class='ocrx_word' id='word_1_113' title='bbox 925 2161 1048 2214; x_wconf 90' lang='lat' dir='ltr'><strong>anon</strong></span> <span class='ocrx_word' id='word_1_114' title='bbox 1067 2134 1253 2238; x_wconf 89' lang='lat' dir='ltr'><strong>domino,</strong></span> <span class='ocrx_word' id='word_1_115' title='bbox 1264 2136 1361 2214; x_wconf 87' lang='lat' dir='ltr'><strong>facis</strong></span> <span class='ocrx_word' id='word_1_116' title='bbox 1378 2137 1495 2215; x_wconf 88' lang='lat' dir='ltr'><strong>illum</strong></span> <span class='ocrx_word' id='word_1_117' title='bbox 1505 2164 1661 2245; x_wconf 88' lang='lat' dir='ltr'><strong>posses·</strong></span> 
     </span>
    </p>
   </div>
   <div class='ocr_carea' id='block_1_5' title="bbox 282 2255 1708 4686">
    <p class='ocr_par' dir='ltr' id='par_1_5' title="bbox 282 2255 1708 4686">
     <span class='ocr_line' id='line_1_14' title="bbox 293 2255 1663 2360; baseline 0.001 -23"><span class='ocrx_word' id='word_1_118' title='bbox 293 2284 437 2337; x_wconf 89' lang='lat' dir='ltr'><strong>sorem.</strong></span> <span class='ocrx_word' id='word_1_119' title='bbox 459 2258 549 2336; x_wconf 83' lang='lat' dir='ltr'><strong>Hoc</strong></span> <span class='ocrx_word' id='word_1_120' title='bbox 567 2274 806 2337; x_wconf 85' lang='lat' dir='ltr'><strong>tamen-non</strong></span> <span class='ocrx_word' id='word_1_121' title='bbox 829 2256 1082 2355; x_wconf 83' lang='lat' dir='ltr'><strong>indistinete,</strong></span> <span class='ocrx_word' id='word_1_122' title='bbox 1106 2257 1180 2336; x_wconf 89' lang='lat' dir='ltr'><strong>sed</strong></span> <span class='ocrx_word' id='word_1_123' title='bbox 1202 2258 1259 2335; x_wconf 82' lang='lat' dir='ltr'><strong>ita</strong></span> <span class='ocrx_word' id='word_1_124' title='bbox 1275 2255 1467 2360; x_wconf 90' lang='lat' dir='ltr'><strong>demum,</strong></span> <span class='ocrx_word' id='word_1_125' title='bbox 1485 2261 1520 2337; x_wconf 90' lang='lat' dir='ltr'><strong>si</strong></span> <span class='ocrx_word' id='word_1_126' title='bbox 1537 2262 1663 2340; x_wconf 84' lang='lat' dir='ltr'><strong>scire·</strong></span> 
     </span>
     <span class='ocr_line' id='line_1_15' title="bbox 291 2378 1664 2490; baseline 0.002 -32"><span class='ocrx_word' id='word_1_127' title='bbox 291 2380 347 2459; x_wconf 88' lang='lat' dir='ltr'><strong>ris</strong></span> <span class='ocrx_word' id='word_1_128' title='bbox 362 2396 402 2458; x_wconf 88' lang='lat' dir='ltr'><strong>te</strong></span> <span class='ocrx_word' id='word_1_129' title='bbox 413 2378 618 2487; x_wconf 87' lang='lat' dir='ltr'><strong>possidere</strong></span> <span class='ocrx_word' id='word_1_130' title='bbox 630 2380 674 2457; x_wconf 89' lang='lat' dir='ltr'><strong>L.</strong></span> <span class='ocrx_word' id='word_1_131' title='bbox 691 2406 737 2487; x_wconf 89' lang='lat'><strong>¹9</strong></span> <span class='ocrx_word' id='word_1_132' title='bbox 747 2378 789 2458; x_wconf 87' lang='lat' dir='ltr'><strong>ff.</strong></span> <span class='ocrx_word' id='word_1_133' title='bbox 799 2380 837 2458; x_wconf 91' lang='lat' dir='ltr'><strong>h.</strong></span> <span class='ocrx_word' id='word_1_134' title='bbox 847 2396 874 2459; x_wconf 85' lang='lat' dir='ltr'><strong>t</strong></span> <span class='ocrx_word' id='word_1_135' title='bbox 886 2408 897 2477; x_wconf 91' lang='lat'>;</span> <span class='ocrx_word' id='word_1_136' title='bbox 907 2382 1043 2461; x_wconf 86' lang='lat' dir='ltr'><strong>namsi</strong></span> <span class='ocrx_word' id='word_1_137' title='bbox 1052 2378 1260 2489; x_wconf 85' lang='lat' dir='ltr'><strong>possidere</strong></span> <span class='ocrx_word' id='word_1_138' title='bbox 1270 2397 1310 2461; x_wconf 87' lang='lat' dir='ltr'><strong>te</strong></span> <span class='ocrx_word' id='word_1_139' title='bbox 1320 2382 1496 2487; x_wconf 75' lang='lat' dir='ltr'><strong>ignores,</strong></span> <span class='ocrx_word' id='word_1_140' title='bbox 1510 2382 1664 2490; x_wconf 87' lang='lat' dir='ltr'><strong>utquia</strong></span> 
     </span>
     <span class='ocr_line' id='line_1_16' title="bbox 288 2499 1665 2612; baseline 0.003 -35"><span class='ocrx_word' id='word_1_141' title='bbox 288 2500 494 2604; x_wconf 83' lang='lat' dir='ltr'><strong>ignoranti</strong></span> <span class='ocrx_word' id='word_1_142' title='bbox 506 2500 581 2581; x_wconf 91' lang='lat' dir='ltr'><strong>tibi</strong></span> <span class='ocrx_word' id='word_1_143' title='bbox 588 2501 780 2610; x_wconf 84' lang='lat' dir='ltr'><strong>aequisita</strong></span> <span class='ocrx_word' id='word_1_144' title='bbox 790 2499 868 2581; x_wconf 83' lang='lat' dir='ltr'><strong>fuit</strong></span> <span class='ocrx_word' id='word_1_145' title='bbox 876 2504 1074 2609; x_wconf 89' lang='lat' dir='ltr'><strong>possessio</strong></span> <span class='ocrx_word' id='word_1_146' title='bbox 1082 2530 1158 2612; x_wconf 90' lang='lat' dir='ltr'><strong>per</strong></span> <span class='ocrx_word' id='word_1_147' title='bbox 1169 2530 1332 2583; x_wconf 81' lang='lat' dir='ltr'><strong>servum</strong></span> <span class='ocrx_word' id='word_1_148' title='bbox 1343 2500 1665 2583; x_wconf 84' lang='lat' dir='ltr'><strong>velfiiiumfami·</strong></span> 
     </span>
     <span class='ocr_line' id='line_1_17' title="bbox 287 2620 1665 2735; baseline 0.003 -36"><span class='ocrx_word' id='word_1_149' title='bbox 287 2620 377 2721; x_wconf 89' lang='lat' dir='ltr'><strong>lias,</strong></span> <span class='ocrx_word' id='word_1_150' title='bbox 397 2648 482 2702; x_wconf 92' lang='lat' dir='ltr'><strong>nou</strong></span> <span class='ocrx_word' id='word_1_151' title='bbox 502 2622 650 2704; x_wconf 88' lang='lat' dir='ltr'><strong>amittis</strong></span> <span class='ocrx_word' id='word_1_152' title='bbox 667 2625 962 2731; x_wconf 88' lang='lat' dir='ltr'><strong>possessionem</strong></span> <span class='ocrx_word' id='word_1_153' title='bbox 982 2640 1112 2728; x_wconf 89' lang='lat' dir='ltr'><strong>tuam,</strong></span> <span class='ocrx_word' id='word_1_154' title='bbox 1125 2627 1221 2735; x_wconf 83' lang='lat' dir='ltr'><strong>quin</strong></span> <span class='ocrx_word' id='word_1_155' title='bbox 1238 2652 1324 2704; x_wconf 91' lang='lat' dir='ltr'><strong>non</strong></span> <span class='ocrx_word' id='word_1_156' title='bbox 1340 2623 1464 2704; x_wconf 85' lang='lat' dir='ltr'><strong>habes</strong></span> <span class='ocrx_word' id='word_1_157' title='bbox 1481 2627 1665 2709; x_wconf 86' lang='lat' dir='ltr'><strong>animum</strong></span> 
     </span>
     <span class='ocr_line' id='line_1_18' title="bbox 287 2740 1665 2855; baseline 0.001 -32"><span class='ocrx_word' id='word_1_158' title='bbox 287 2770 377 2823; x_wconf 88' lang='lat' dir='ltr'><strong>eam</strong></span> <span class='ocrx_word' id='word_1_159' title='bbox 397 2740 619 2822; x_wconf 86' lang='lat' dir='ltr'><strong>amittendi.</strong></span> <span class='ocrx_word' id='word_1_160' title='bbox 645 2744 928 2849; x_wconf 85' lang='lat' dir='ltr'><strong>Appreheusio</strong></span> <span class='ocrx_word' id='word_1_161' title='bbox 955 2747 1001 2827; x_wconf 86' lang='lat' dir='ltr'><strong>fit</strong></span> <span class='ocrx_word' id='word_1_162' title='bbox 1022 2749 1145 2848; x_wconf 73' lang='lat' dir='ltr'><strong>louge</strong></span> <span class='ocrx_word' id='word_1_163' title='bbox 1167 2776 1316 2851; x_wconf 88' lang='lat' dir='ltr'><strong>manu,</strong></span> <span class='ocrx_word' id='word_1_164' title='bbox 1337 2745 1505 2855; x_wconf 86' lang='lat' dir='ltr'><strong>quando</strong></span> <span class='ocrx_word' id='word_1_165' title='bbox 1526 2744 1665 2826; x_wconf 82' lang='lat' dir='ltr'><strong>locum</strong></span> 
     </span>
     <span class='ocr_line' id='line_1_19' title="bbox 286 2862 1664 2975; baseline 0 -31"><span class='ocrx_word' id='word_1_166' title='bbox 286 2864 409 2944; x_wconf 87' lang='lat' dir='ltr'><strong>hahet</strong></span> <span class='ocrx_word' id='word_1_167' title='bbox 422 2880 514 2943; x_wconf 89' lang='lat' dir='ltr'><strong>actu</strong></span> <span class='ocrx_word' id='word_1_168' title='bbox 527 2863 663 2975; x_wconf 86' lang='lat' dir='ltr'><strong>aliquo</strong></span> <span class='ocrx_word' id='word_1_169' title='bbox 675 2868 859 2973; x_wconf 89' lang='lat' dir='ltr'><strong>corporis</strong></span> <span class='ocrx_word' id='word_1_170' title='bbox 876 2893 949 2945; x_wconf 91' lang='lat' dir='ltr'><strong>seu</strong></span> <span class='ocrx_word' id='word_1_171' title='bbox 966 2866 1141 2964; x_wconf 77' lang='lat' dir='ltr'><strong>nota,ut</strong></span> <span class='ocrx_word' id='word_1_172' title='bbox 1154 2865 1283 2944; x_wconf 87' lang='lat' dir='ltr'><strong>oculis</strong></span> <span class='ocrx_word' id='word_1_173' title='bbox 1303 2880 1345 2943; x_wconf 90' lang='lat' dir='ltr'><strong>et</strong></span> <span class='ocrx_word' id='word_1_174' title='bbox 1363 2862 1530 2961; x_wconf 78' lang='lat' dir='ltr'><strong>affectu,</strong></span> <span class='ocrx_word' id='word_1_175' title='bbox 1548 2864 1664 2974; x_wconf 91' lang='lat' dir='ltr'><strong>quod</strong></span> 
     </span>
     <span class='ocr_line' id='line_1_20' title="bbox 287 2984 1660 3098; baseline 0.001 -32"><span class='ocrx_word' id='word_1_176' title='bbox 287 2989 489 3096; x_wconf 85' lang='lat' dir='ltr'><strong>praecipue</strong></span> <span class='ocrx_word' id='word_1_177' title='bbox 508 2984 553 3066; x_wconf 85' lang='lat' dir='ltr'><strong>fit</strong></span> <span class='ocrx_word' id='word_1_178' title='bbox 572 2988 685 3067; x_wconf 90' lang='lat' dir='ltr'><strong>iniis</strong></span> <span class='ocrx_word' id='word_1_179' title='bbox 705 2987 848 3093; x_wconf 90' lang='lat' dir='ltr'><strong>rebus,</strong></span> <span class='ocrx_word' id='word_1_180' title='bbox 868 3016 958 3098; x_wconf 88' lang='lat' dir='ltr'><strong>quae</strong></span> <span class='ocrx_word' id='word_1_181' title='bbox 976 3004 1145 3097; x_wconf 91' lang='lat' dir='ltr'><strong>propter</strong></span> <span class='ocrx_word' id='word_1_182' title='bbox 1159 2985 1484 3093; x_wconf 85' lang='lat' dir='ltr'><strong>magnitudinem</strong></span> <span class='ocrx_word' id='word_1_183' title='bbox 1495 2986 1660 3096; x_wconf 90' lang='lat' dir='ltr'><strong>ponde·</strong></span> 
     </span>
     <span class='ocr_line' id='line_1_21' title="bbox 285 3098 1659 3222; baseline 0.004 -35"><span class='ocrx_word' id='word_1_184' title='bbox 285 3109 341 3187; x_wconf 88' lang='lat' dir='ltr'><strong>ris</strong></span> <span class='ocrx_word' id='word_1_185' title='bbox 360 3115 515 3188; x_wconf 84' lang='lat' dir='ltr'><strong>moveri</strong></span> <span class='ocrx_word' id='word_1_186' title='bbox 532 3136 617 3189; x_wconf 92' lang='lat' dir='ltr'><strong>non</strong></span> <span class='ocrx_word' id='word_1_187' title='bbox 629 3128 800 3217; x_wconf 88' lang='lat' dir='ltr'><strong>possunt</strong></span> <span class='ocrx_word' id='word_1_188' title='bbox 813 3098 858 3192; x_wconf 87' lang='lat' dir='ltr'><strong>L.</strong></span> <span class='ocrx_word' id='word_1_189' title='bbox 877 3138 914 3210; x_wconf 89' lang='lat'><strong>1,</strong></span> <span class='ocrx_word' id='word_1_190' title='bbox 932 3120 958 3215; x_wconf 79' lang='lat'>§</span> <span class='ocrx_word' id='word_1_191' title='bbox 973 3109 1096 3213; x_wconf 82' lang='lat' dir='ltr'><strong>21,ff.</strong></span> <span class='ocrx_word' id='word_1_192' title='bbox 1115 3110 1154 3188; x_wconf 92' lang='lat' dir='ltr'><strong>h.</strong></span> <span class='ocrx_word' id='word_1_193' title='bbox 1165 3126 1195 3190; x_wconf 89' lang='lat' dir='ltr'><strong>t.</strong></span> <span class='ocrx_word' id='word_1_194' title='bbox 1212 3109 1341 3218; x_wconf 85' lang='lat' dir='ltr'><strong>Major</strong></span> <span class='ocrx_word' id='word_1_195' title='bbox 1352 3112 1430 3190; x_wconf 88' lang='lat' dir='ltr'><strong>erit</strong></span> <span class='ocrx_word' id='word_1_196' title='bbox 1440 3109 1573 3193; x_wconf 86' lang='lat' dir='ltr'><strong>adhuc</strong></span> <span class='ocrx_word' id='word_1_197' title='bbox 1586 3138 1659 3222; x_wconf 86' lang='lat' dir='ltr'><strong>ap·</strong></span> 
     </span>
     <span class='ocr_line' id='line_1_22' title="bbox 287 3228 1660 3344; baseline 0.005 -38"><span class='ocrx_word' id='word_1_198' title='bbox 287 3228 494 3337; x_wconf 80' lang='lat' dir='ltr'><strong>prehensas</strong></span> <span class='ocrx_word' id='word_1_199' title='bbox 505 3234 768 3337; x_wconf 88' lang='lat' dir='ltr'><strong>possessionis</strong></span> <span class='ocrx_word' id='word_1_200' title='bbox 784 3250 900 3329; x_wconf 89' lang='lat' dir='ltr'><strong>nota,</strong></span> <span class='ocrx_word' id='word_1_201' title='bbox 918 3236 950 3311; x_wconf 91' lang='lat' dir='ltr'><strong>si</strong></span> <span class='ocrx_word' id='word_1_202' title='bbox 974 3236 1024 3313; x_wconf 93' lang='lat' dir='ltr'><strong>iis</strong></span> <span class='ocrx_word' id='word_1_203' title='bbox 1040 3231 1164 3313; x_wconf 88' lang='lat' dir='ltr'><strong>rebus</strong></span> <span class='ocrx_word' id='word_1_204' title='bbox 1179 3234 1405 3317; x_wconf 83' lang='lat' dir='ltr'><strong>custodiam</strong></span> <span class='ocrx_word' id='word_1_205' title='bbox 1418 3236 1660 3344; x_wconf 85' lang='lat' dir='ltr'><strong>posuissem,</strong></span> 
     </span>
     <span class='ocr_line' id='line_1_23' title="bbox 286 3348 1662 3466; baseline 0.004 -37"><span class='ocrx_word' id='word_1_206' title='bbox 286 3348 415 3431; x_wconf 86' lang='lat' dir='ltr'><strong>donee</strong></span> <span class='ocrx_word' id='word_1_207' title='bbox 433 3378 499 3431; x_wconf 87' lang='lat' dir='ltr'><strong>eas</strong></span> <span class='ocrx_word' id='word_1_208' title='bbox 513 3350 689 3431; x_wconf 86' lang='lat' dir='ltr'><strong>anferam</strong></span> <span class='ocrx_word' id='word_1_209' title='bbox 708 3355 752 3433; x_wconf 92' lang='lat' dir='ltr'><strong>L.</strong></span> <span class='ocrx_word' id='word_1_210' title='bbox 772 3352 819 3435; x_wconf 83' lang='lat'><strong>51</strong></span> <span class='ocrx_word' id='word_1_211' title='bbox 838 3353 880 3434; x_wconf 83' lang='lat' dir='ltr'><strong>ff.</strong></span> <span class='ocrx_word' id='word_1_212' title='bbox 895 3355 933 3433; x_wconf 90' lang='lat' dir='ltr'><strong>h.</strong></span> <span class='ocrx_word' id='word_1_213' title='bbox 954 3372 981 3435; x_wconf 90' lang='lat' dir='ltr'><strong>t.</strong></span> <span class='ocrx_word' id='word_1_214' title='bbox 998 3356 1198 3437; x_wconf 86' lang='lat' dir='ltr'><strong>Caetemm</strong></span> <span class='ocrx_word' id='word_1_215' title='bbox 1210 3354 1497 3466; x_wconf 85' lang='lat' dir='ltr'><strong>apprehensio,</strong></span> <span class='ocrx_word' id='word_1_216' title='bbox 1511 3382 1600 3465; x_wconf 86' lang='lat' dir='ltr'><strong>quae</strong></span> <span class='ocrx_word' id='word_1_217' title='bbox 1616 3354 1662 3435; x_wconf 86' lang='lat' dir='ltr'><strong>fit</strong></span> 
     </span>
     <span class='ocr_line' id='line_1_24' title="bbox 288 3470 1660 3590; baseline 0.004 -39"><span class='ocrx_word' id='word_1_218' title='bbox 288 3472 416 3551; x_wconf 86' lang='lat' dir='ltr'><strong>oculis</strong></span> <span class='ocrx_word' id='word_1_219' title='bbox 440 3490 481 3552; x_wconf 91' lang='lat' dir='ltr'><strong>et</strong></span> <span class='ocrx_word' id='word_1_220' title='bbox 503 3470 672 3577; x_wconf 83' lang='lat' dir='ltr'><strong>affectu,</strong></span> <span class='ocrx_word' id='word_1_221' title='bbox 695 3474 855 3557; x_wconf 88' lang='lat' dir='ltr'><strong>obtinet</strong></span> <span class='ocrx_word' id='word_1_222' title='bbox 873 3504 1039 3590; x_wconf 89' lang='lat' dir='ltr'><strong>quoque</strong></span> <span class='ocrx_word' id='word_1_223' title='bbox 1058 3481 1103 3558; x_wconf 93' lang='lat' dir='ltr'><strong>in</strong></span> <span class='ocrx_word' id='word_1_224' title='bbox 1126 3478 1283 3576; x_wconf 81' lang='lat' dir='ltr'><strong>fundis;</strong></span> <span class='ocrx_word' id='word_1_225' title='bbox 1308 3474 1457 3557; x_wconf 80' lang='lat' dir='ltr'><strong>namsi</strong></span> <span class='ocrx_word' id='word_1_226' title='bbox 1479 3478 1660 3557; x_wconf 79' lang='lat' dir='ltr'><strong>vicinum</strong></span> 
     </span>
     <span class='ocr_line' id='line_1_25' title="bbox 282 3592 1708 3702; baseline 0.01 -29"><span class='ocrx_word' id='word_1_227' title='bbox 282 3594 382 3673; x_wconf 88' lang='lat' dir='ltr'><strong>mihi</strong></span> <span class='ocrx_word' id='word_1_228' title='bbox 397 3592 571 3677; x_wconf 85' lang='lat' dir='ltr'><strong>fundum</strong></span> <span class='ocrx_word' id='word_1_229' title='bbox 588 3614 765 3679; x_wconf 86' lang='lat' dir='ltr'><strong>mercato</strong></span> <span class='ocrx_word' id='word_1_230' title='bbox 781 3592 972 3682; x_wconf 78' lang='lat' dir='ltr'><strong>¹venditor</strong></span> <span class='ocrx_word' id='word_1_231' title='bbox 993 3603 1038 3680; x_wconf 91' lang='lat' dir='ltr'><strong>in</strong></span> <span class='ocrx_word' id='word_1_232' title='bbox 1055 3600 1145 3681; x_wconf 74' lang='lat' dir='ltr'><strong>med</strong></span> <span class='ocrx_word' id='word_1_233' title='bbox 1162 3601 1267 3681; x_wconf 80' lang='lat' dir='ltr'><strong>turri</strong></span> <span class='ocrx_word' id='word_1_234' title='bbox 1285 3599 1550 3702; x_wconf 74' lang='lat' dir='ltr'><strong>demonstret,</strong></span> <span class='ocrx_word' id='word_1_235' title='bbox 1568 3613 1658 3679; x_wconf 80' lang='lat' dir='ltr'><strong>vae·</strong></span> <span class='ocrx_word' id='word_1_236' title='bbox 1705 3681 1708 3687; x_wconf 88' lang='lat'><strong>.</strong></span> 
     </span>
     <span class='ocr_line' id='line_1_26' title="bbox 285 3709 1656 3831; baseline 0.005 -36"><span class='ocrx_word' id='word_1_237' title='bbox 285 3742 463 3829; x_wconf 84' lang='lat' dir='ltr'><strong>namque</strong></span> <span class='ocrx_word' id='word_1_238' title='bbox 490 3722 786 3829; x_wconf 87' lang='lat' dir='ltr'><strong>possessiouem</strong></span> <span class='ocrx_word' id='word_1_239' title='bbox 804 3750 848 3804; x_wconf 85' lang='lat' dir='ltr'><strong>se</strong></span> <span class='ocrx_word' id='word_1_240' title='bbox 871 3723 1031 3805; x_wconf 74' lang='lat' dir='ltr'><strong>undere</strong></span> <span class='ocrx_word' id='word_1_241' title='bbox 1052 3714 1178 3822; x_wconf 83' lang='lat' dir='ltr'><strong>dicat,</strong></span> <span class='ocrx_word' id='word_1_242' title='bbox 1198 3709 1281 3804; x_wconf 87' lang='lat' dir='ltr'><strong>non</strong></span> <span class='ocrx_word' id='word_1_243' title='bbox 1294 3724 1431 3802; x_wconf 90' lang='lat' dir='ltr'><strong>minus</strong></span> <span class='ocrx_word' id='word_1_244' title='bbox 1450 3723 1656 3831; x_wconf 87' lang='lat' dir='ltr'><strong>possidere</strong></span> 
     </span>
     <span class='ocr_line' id='line_1_27' title="bbox 287 3841 1659 3952; baseline 0.007 -36"><span class='ocrx_word' id='word_1_245' title='bbox 287 3841 410 3945; x_wconf 84' lang='lat' dir='ltr'><strong>coepi,</strong></span> <span class='ocrx_word' id='word_1_246' title='bbox 435 3868 557 3950; x_wconf 90' lang='lat' dir='ltr'><strong>quam</strong></span> <span class='ocrx_word' id='word_1_247' title='bbox 575 3844 609 3921; x_wconf 90' lang='lat' dir='ltr'><strong>si</strong></span> <span class='ocrx_word' id='word_1_248' title='bbox 623 3844 770 3952; x_wconf 90' lang='lat' dir='ltr'><strong>pedem</strong></span> <span class='ocrx_word' id='word_1_249' title='bbox 786 3845 936 3950; x_wconf 87' lang='lat' dir='ltr'><strong>finibus</strong></span> <span class='ocrx_word' id='word_1_250' title='bbox 954 3845 1180 3927; x_wconf 86' lang='lat' dir='ltr'><strong>intulissem</strong></span> <span class='ocrx_word' id='word_1_251' title='bbox 1190 3848 1233 3924; x_wconf 92' lang='lat' dir='ltr'><strong>L.</strong></span> <span class='ocrx_word' id='word_1_252' title='bbox 1252 3844 1299 3927; x_wconf 91' lang='lat'><strong>18</strong></span> <span class='ocrx_word' id='word_1_253' title='bbox 1310 3903 1322 3949; x_wconf 99' lang='lat'><strong>,</strong></span> <span class='ocrx_word' id='word_1_254' title='bbox 1334 3854 1396 3949; x_wconf 83' lang='lat' dir='ltr'><strong>§a</strong></span> <span class='ocrx_word' id='word_1_255' title='bbox 1410 3842 1500 3925; x_wconf 77' lang='lat' dir='ltr'><strong>fth.</strong></span> <span class='ocrx_word' id='word_1_256' title='bbox 1511 3860 1540 3925; x_wconf 87' lang='lat' dir='ltr'><strong>t.</strong></span> <span class='ocrx_word' id='word_1_257' title='bbox 1555 3848 1659 3925; x_wconf 86' lang='lat' dir='ltr'><strong>Tan·</strong></span> 
     </span>
     <span class='ocr_line' id='line_1_28' title="bbox 285 3956 1658 4081; baseline 0.009 -44"><span class='ocrx_word' id='word_1_258' title='bbox 285 3956 379 4061; x_wconf 84' lang='lat' dir='ltr'><strong>dem</strong></span> <span class='ocrx_word' id='word_1_259' title='bbox 397 3966 666 4069; x_wconf 88' lang='lat' dir='ltr'><strong>apprehensio</strong></span> <span class='ocrx_word' id='word_1_260' title='bbox 688 3967 777 4049; x_wconf 86' lang='lat' dir='ltr'><strong>ficta</strong></span> <span class='ocrx_word' id='word_1_261' title='bbox 797 3968 842 4051; x_wconf 84' lang='lat' dir='ltr'><strong>iit</strong></span> <span class='ocrx_word' id='word_1_262' title='bbox 869 3969 1056 4078; x_wconf 88' lang='lat' dir='ltr'><strong>symbolo</strong></span> <span class='ocrx_word' id='word_1_263' title='bbox 1078 3997 1152 4050; x_wconf 89' lang='lat' dir='ltr'><strong>seu</strong></span> <span class='ocrx_word' id='word_1_264' title='bbox 1170 3969 1288 4075; x_wconf 89' lang='lat' dir='ltr'><strong>signo</strong></span> <span class='ocrx_word' id='word_1_265' title='bbox 1311 3967 1450 4081; x_wconf 81' lang='lat' dir='ltr'><strong>aliquo</strong></span> <span class='ocrx_word' id='word_1_266' title='bbox 1469 3960 1658 4069; x_wconf 84' lang='lat' dir='ltr'><strong>externo,</strong></span> 
     </span>
     <span class='ocr_line' id='line_1_29' title="bbox 285 4082 1656 4199; baseline 0.005 -40"><span class='ocrx_word' id='word_1_267' title='bbox 285 4096 332 4160; x_wconf 90' lang='lat' dir='ltr'><strong>ut</strong></span> <span class='ocrx_word' id='word_1_268' title='bbox 351 4082 385 4160; x_wconf 94' lang='lat' dir='ltr'><strong>si</strong></span> <span class='ocrx_word' id='word_1_269' title='bbox 404 4082 578 4163; x_wconf 83' lang='lat' dir='ltr'><strong>venditis</strong></span> <span class='ocrx_word' id='word_1_270' title='bbox 595 4090 672 4159; x_wconf 91' lang='lat' dir='ltr'><strong>tibi</strong></span> <span class='ocrx_word' id='word_1_271' title='bbox 690 4093 912 4191; x_wconf 80' lang='lat' dir='ltr'><strong>mercibus,</strong></span> <span class='ocrx_word' id='word_1_272' title='bbox 930 4118 1021 4199; x_wconf 83' lang='lat' dir='ltr'><strong>quae</strong></span> <span class='ocrx_word' id='word_1_273' title='bbox 1041 4091 1084 4167; x_wconf 92' lang='lat' dir='ltr'><strong>in</strong></span> <span class='ocrx_word' id='word_1_274' title='bbox 1107 4090 1255 4170; x_wconf 89' lang='lat' dir='ltr'><strong>horreo</strong></span> <span class='ocrx_word' id='word_1_275' title='bbox 1275 4109 1391 4197; x_wconf 90' lang='lat' dir='ltr'><strong>sunt,</strong></span> <span class='ocrx_word' id='word_1_276' title='bbox 1408 4092 1563 4174; x_wconf 88' lang='lat' dir='ltr'><strong>tradam</strong></span> <span class='ocrx_word' id='word_1_277' title='bbox 1579 4091 1656 4169; x_wconf 89' lang='lat' dir='ltr'><strong>tihi</strong></span> 
     </span>
     <span class='ocr_line' id='line_1_30' title="bbox 286 4200 1656 4325; baseline 0.009 -46"><span class='ocrx_word' id='word_1_278' title='bbox 286 4200 416 4281; x_wconf 87' lang='lat' dir='ltr'><strong>claves</strong></span> <span class='ocrx_word' id='word_1_279' title='bbox 438 4202 547 4281; x_wconf 86' lang='lat' dir='ltr'><strong>iliius</strong></span> <span class='ocrx_word' id='word_1_280' title='bbox 566 4202 719 4309; x_wconf 88' lang='lat' dir='ltr'><strong>horrei,</strong></span> <span class='ocrx_word' id='word_1_281' title='bbox 731 4204 893 4288; x_wconf 90' lang='lat' dir='ltr'><strong>traditio</strong></span> <span class='ocrx_word' id='word_1_282' title='bbox 911 4209 980 4293; x_wconf 86' lang='lat' dir='ltr'><strong>ilia</strong></span> <span class='ocrx_word' id='word_1_283' title='bbox 999 4211 1171 4292; x_wconf 84' lang='lat' dir='ltr'><strong>clavium</strong></span> <span class='ocrx_word' id='word_1_284' title='bbox 1191 4213 1409 4296; x_wconf 83' lang='lat' dir='ltr'><strong>habebitur</strong></span> <span class='ocrx_word' id='word_1_285' title='bbox 1417 4244 1492 4325; x_wconf 87' lang='lat' dir='ltr'><strong>pro</strong></span> <span class='ocrx_word' id='word_1_286' title='bbox 1511 4238 1656 4319; x_wconf 84' lang='lat' dir='ltr'><strong>appre-</strong></span> 
     </span>
     <span class='ocr_line' id='line_1_31' title="bbox 287 4322 1655 4451; baseline 0.01 -51"><span class='ocrx_word' id='word_1_287' title='bbox 287 4322 483 4401; x_wconf 87' lang='lat' dir='ltr'><strong>hensione</strong></span> <span class='ocrx_word' id='word_1_288' title='bbox 510 4325 722 4430; x_wconf 86' lang='lat' dir='ltr'><strong>mercium,</strong></span> <span class='ocrx_word' id='word_1_289' title='bbox 743 4356 833 4437; x_wconf 87' lang='lat' dir='ltr'><strong>quae</strong></span> <span class='ocrx_word' id='word_1_290' title='bbox 857 4332 902 4410; x_wconf 91' lang='lat' dir='ltr'><strong>in</strong></span> <span class='ocrx_word' id='word_1_291' title='bbox 921 4331 1069 4413; x_wconf 87' lang='lat' dir='ltr'><strong>horreo</strong></span> <span class='ocrx_word' id='word_1_292' title='bbox 1091 4354 1207 4441; x_wconf 90' lang='lat' dir='ltr'><strong>sunt,</strong></span> <span class='ocrx_word' id='word_1_293' title='bbox 1233 4354 1274 4419; x_wconf 89' lang='lat' dir='ltr'><strong>et</strong></span> <span class='ocrx_word' id='word_1_294' title='bbox 1292 4334 1463 4451; x_wconf 89' lang='lat' dir='ltr'><strong>proinde</strong></span> <span class='ocrx_word' id='word_1_295' title='bbox 1481 4335 1655 4442; x_wconf 88' lang='lat' dir='ltr'><strong>acceptis</strong></span> 
     </span>
     <span class='ocr_line' id='line_1_32' title="bbox 289 4442 1655 4569; baseline 0.008 -44"><span class='ocrx_word' id='word_1_296' title='bbox 289 4442 467 4525; x_wconf 82' lang='lat' dir='ltr'><strong>clavibus</strong></span> <span class='ocrx_word' id='word_1_297' title='bbox 493 4450 785 4556; x_wconf 87' lang='lat' dir='ltr'><strong>possessionem</strong></span> <span class='ocrx_word' id='word_1_298' title='bbox 816 4456 1011 4537; x_wconf 87' lang='lat' dir='ltr'><strong>mercium</strong></span> <span class='ocrx_word' id='word_1_299' title='bbox 1041 4460 1216 4569; x_wconf 79' lang='lat' dir='ltr'><strong>acquiris</strong></span> <span class='ocrx_word' id='word_1_300' title='bbox 1241 4464 1284 4542; x_wconf 89' lang='lat' dir='ltr'><strong>L.</strong></span> <span class='ocrx_word' id='word_1_301' title='bbox 1314 4487 1357 4565; x_wconf 90' lang='lat'><strong>1,</strong></span> <span class='ocrx_word' id='word_1_302' title='bbox 1380 4459 1471 4554; x_wconf 85' lang='lat' dir='ltr'><strong>§ar</strong></span> <span class='ocrx_word' id='word_1_303' title='bbox 1501 4454 1540 4537; x_wconf 79' lang='lat' dir='ltr'><strong>ff.</strong></span> <span class='ocrx_word' id='word_1_304' title='bbox 1566 4456 1603 4540; x_wconf 88' lang='lat' dir='ltr'><strong>h.</strong></span> <span class='ocrx_word' id='word_1_305' title='bbox 1625 4474 1655 4537; x_wconf 86' lang='lat' dir='ltr'><strong>t.</strong></span> 
     </span>
     <span class='ocr_line' id='line_1_33' title="bbox 392 4588 1498 4686; baseline 0.005 -30"><span class='ocrx_word' id='word_1_306' title='bbox 392 4588 455 4658; x_wconf 91' lang='lat'><strong>111.</strong></span> <span class='ocrx_word' id='word_1_307' title='bbox 1474 4602 1498 4686; x_wconf 70' lang='lat'><strong><em>4</em></strong></span> 
     </span>
    </p>
   </div>
   <div class='ocr_carea' id='block_1_6' title="bbox 0 0 2264 5867">
    <p class='ocr_par' dir='ltr' id='par_1_6' title="bbox 0 0 2264 5867">
     <span class='ocr_line' id='line_1_34' title="bbox 0 0 2264 5867; baseline 0 0"><span class='ocrx_word' id='word_1_308' title='bbox 0 0 2264 5867; x_wconf 95' lang='lat' dir='ltr'><strong> </strong></span> 
     </span>
    </p>
   </div>
  </div>
 </body>
</html>
