4517 5867
633 634 878 705 RESPONSIO
903 636 968 703 AD
990 635 1161 721 QUAEsT.
1184 638 1324 707 JURID.
1604 654 1651 738 79'

276 832 412 916 cendae
421 831 682 941 possessionis
696 829 944 943 exquirenda
958 846 1035 927 est,
1047 835 1285 941 quaeregnls
1298 838 1476 925 sancitur
1489 836 1652 919 duobus

274 956 419 1039 ultimo
439 956 518 1035 citt
541 970 613 1033 art.
633 954 739 1035 Hinc
756 956 788 1033 si
809 954 900 1063 quis
919 955 1236 1059 possessionem,
1257 986 1382 1068 quam
1406 959 1651 1040 clandestine

274 1108 360 1162 non
384 1076 552 1186 adeptus
571 1095 650 1179 est,
669 1077 795 1157 celare
816 1078 979 1183 incipit,
1000 1102 1094 1155 cum
1114 1083 1325 1184 agnoverit
1344 1110 1431 1161 rem
1449 1110 1535 1163 esse
1554 1084 1652 1164 alie·

274 1230 399 1304 nam,
426 1218 473 1281 ut
506 1202 581 1281 hac
609 1200 673 1278 viai
705 1198 874 1278 domino
902 1200 955 1277 sit
983 1197 1307 1307 impedimento,
1338 1206 1560 1311 quominus
1593 1207 1654 1283 rei
1690 1270 1696 1277 .

275 1322 609 1417 vindicationem,
623 1346 745 1427 quam
760 1319 811 1397 ab
825 1346 875 1399 eo
888 1319 1112 1400 timendam
1127 1320 1266 1425 habet,
1279 1323 1407 1431 possit
1426 1323 1654 1421 intendere,

279 1470 365 1523 non
385 1442 479 1521 ideo
496 1442 599 1520 ciam
618 1438 849 1549 possidebit.
870 1444 917 1520 V.
933 1470 970 1547 g.
989 1471 1143 1553 equum
1160 1462 1279 1525 tuum
1297 1474 1321 1525 a
1337 1447 1493 1525 ioanne
1515 1446 1595 1525 emi
1613 1461 1656 1527 et

276 1562 472 1645 traditum
492 1562 677 1669 possedi,
699 1561 847 1643 deinde
868 1591 964 1642 cum
983 1567 1270 1671 comperissem
1289 1583 1407 1645 tuum
1428 1594 1538 1662 esse,
1557 1592 1654 1646 eum

277 1684 406 1763 celare
426 1685 551 1791 coepi,
570 1710 657 1762 non
675 1681 768 1762 ideo
790 1686 916 1789 magis
932 1686 1032 1763 clam
1052 1684 1260 1791 possidere
1281 1685 1470 1788 videbor,
1489 1688 1586 1795 quia
1605 1702 1654 1765 ut

278 1802 474 1904 diximus,
496 1828 581 1882 non
603 1805 708 1883 ratio
730 1802 962 1882 obtinendae
980 1805 1243 1909 possessionis
1265 1805 1336 1884 sed
1356 1809 1474 1912 origo
1492 1809 1650 1886 nancis-

194 1928 196 1933 ’
279 1926 414 2007 oendae
434 1924 969 2033 possessionis-exquirenda
991 1942 1051 2005 est
1074 1925 1166 2005 dict
1187 1942 1259 2004 art.
1281 1928 1336 2003 At
1354 1953 1405 2004 ex
1427 1927 1595 2006 adverso
1619 1929 1653 2004 si

279 2050 370 2159 quis
395 2049 689 2155 possessionem
716 2045 820 2121 clam
844 2047 1094 2154 acquisierit,
1116 2075 1202 2125 non
1225 2048 1375 2127 desinit
1398 2048 1501 2128 ciani
1525 2049 1656 2155 possi·

281 2168 394 2269 dere,
405 2170 502 2277 quia
517 2166 958 2273 posteapossessionem
970 2164 1140 2245 domino
1153 2168 1436 2265 manifestavit,
1452 2186 1523 2247 art
1539 2171 1656 2276 2267,

281 2289 382 2370 Cod.
401 2289 486 2371 civ.
507 2285 766 2368 Clandestina
786 2288 924 2394 itaque
942 2288 1140 2391 possessio
1159 2290 1351 2367 convenit
1369 2316 1463 2367 cum
1479 2289 1657 2367 violenti

279 2413 326 2491 in
347 2438 418 2508 eo,
437 2409 551 2519 quod
574 2425 745 2515 utraque
768 2433 853 2487 non
876 2409 953 2486 nisi
978 2426 1187 2488 momento
1211 2411 1658 2520 possessionisacquisi·

280 2532 403 2612 tionis
424 2530 605 2609 contrahi
625 2545 782 2635 potest;
806 2544 847 2606 at
865 2546 1011 2635 prseter
1036 2529 1141 2608 hanc
1165 2549 1284 2611 estet
1305 2532 1381 2608 alia
1399 2532 1531 2609 adhuc
1551 2533 1657 2609 inter

285 2682 350 2733 eas
369 2653 671 2755 conuenientia,
693 2650 809 2790 quod
830 2651 981 2731 scilicet
1002 2668 1175 2762 utraque
1199 2652 1491 2759 complectatur
1511 2653 1658 2730 vitium

283 2770 397 2854 malm
413 2774 508 2853 fidei
516 2773 657 2883 ,quod
671 2774 818 2853 vitium
836 2776 948 2853 omni
967 2776 1229 2872 possessionis
1247 2792 1456 2847 momento
1476 2773 1658 2851 contrahi

285 2914 436 3002 potest,
455 2913 496 2971 et
513 2898 557 2971 in
576 2896 656 2971 hoc
673 2894 810 2971 differt
826 2891 941 2969 malae
963 2884 1059 2965 fidei
1079 2886 1277 2993 possessio
1299 2886 1351 2962 ab
1377 2886 1425 2965 ed
1434 2912 1595 2996 ,quam
1616 2892 1659 2969 ri
1758 2922 1762 2969 ς
1800 2952 1811 2961 ,

285 3032 355 3094 aut
374 3012 478 3093 clam
499 3010 756 3161 acquirimus

340 3256 496 3336 Vitiosa
514 3252 678 3333 tandem
693 3254 891 3360 possessio
906 3268 981 3354 est,
996 3262 1089 3361 qu‘ae
1109 3252 1239 3330 oritur
1255 3277 1305 3330 ex
1321 3249 1442 3330 titulo
1459 3251 1511 3329 ad
1528 3266 1659 3329 trans·
1732 3245 1739 3251 ’

287 3376 501 3473 ferendum
519 3376 748 3456 dominium
771 3375 961 3472 inhabili;
981 3376 1069 3455 talis
1093 3392 1153 3454 est
1172 3376 1370 3484 possessio
1389 3372 1586 3479 precaria,
1607 3371 1659 3450 de

288 3502 370 3611 qud
393 3501 460 3579 hic
475 3526 620 3607 parum
643 3524 817 3603 agemus.

339 3734 521 3814 Precaria
536 3734 734 3840 possessio
755 3760 802 3812 ea
820 3748 901 3833 est,
915 3731 996 3840 qui
1012 3731 1105 3838 quis
1122 3726 1305 3836 possidet
1322 3748 1408 3802 non
1425 3722 1475 3801 ex‘
1491 3725 1662 3832 proprio

288 3882 363 3936 suo
389 3856 479 3962 jure
506 3852 577 3933 sed
601 3880 651 3931 ex
676 3856 955 3951 concessione,
977 3878 1100 3960 quam
1126 3843 1351 3926 concedens
1375 3842 1426 3921 ad
1450 3844 1662 3924 arbitrium

291 3993 331 4056 et
352 3993 499 4057 nutum
521 3990 654 4082 potest
677 3999 876 4054 revocare.
903 3972 1060 4051 Nititur
1082 3971 1219 4077 itaque
1245 3966 1328 4045 imo
1351 3967 1550 4073 possessio
1579 3966 1664 4044 soli

291 4096 502 4179 voluntate
516 4113 557 4173 et
576 4096 770 4199 patientis
785 4093 964 4188 domini,
983 4088 1094 4169 unde
1115 4105 1157 4166 et
1180 4088 1402 4196 opponitur
1422 4086 1663 4226 possessioni

295 4221 431 4299 auimo
449 4214 614 4296 domini.
631 4211 767 4293 Hinc
752 4238 833 4320 μω
852 4227 981 4317 patet,
998 4213 1293 4318 possessionem
1310 4210 1529 4318 precariam
1542 4214 1662 4285 num·

296 4365 420 4461 quam
448 4336 499 4417 ad
525 4333 871 4442 praescriptionem
903 4358 1021 4440 posse
1053 4330 1264 4429 sufficere3
1293 4356 1385 4409 nam
1416 4325 1467 4405 ad
1499 4354 1664 4407 omnem

299 4459 642 4571 prescriptionem
674 4456 896 4566 requiritur
927 4454 1068 4535 saitem
1093 4456 1291 4563 possessio
1320 4450 1456 4530 animo
1487 4432 1665 4546 domini,
