4517 5867
636 519 2006 591 mmmmm

921 987 1223 1144 ,carun
1271 993 1675 1148 ocravuu.

1177 1413 1469 1449 *OQ—-

1040 1760 1111 1846 DE
1137 1761 1590 1847 uuaouuauluauu.

1196 2279 1230 2410 ς
1264 2270 1445 2376 Lxxr.

576 2817 580 2824 ·
639 2715 828 2849 Samara
849 2769 984 2878 itaque
998 2767 1079 2878 jam
1101 2767 1153 2854 de
1174 2770 1476 2853 Immortalitate
1494 2771 1613 2852 nobie
1634 2788 1695 2853 eat
1712 2771 1993 2872 tractandum

634 2919 758 3004 quam
776 2890 1020 3000 probaturus
1040 2893 1186 2977 Noster
1205 2895 1442 2976 auctoritate
1463 2896 1607 2974 nititur
1626 2897 1888 3004 antiquorum
1900 2897 1991 3005 phi·

634 3013 896 3124 losophorum
922 3029 963 3094 et
985 3039 1079 3098 cum
1101 3017 1273 3098 maximo
1293 3017 1532 3124 Pythagorae.
1558 3016 1818 3097 «Audiebam
1845 3017 1990 3124 Pytha·

633 3164 773 3244 goram
781 3135 1148 3247 Pythagoreorum,
1162 3137 1313 3219 incolae
1321 3165 1435 3247 paene
1450 3155 1625 3239 nostroe,
1637 3140 1709 3247 qui
1723 3155 1855 3219 essent
1865 3138 1992 3218 Italici

633 3257 865 3370 philosophi
888 3255 1096 3369 quondam
1122 3260 1335 3362 nominati,
1353 3288 1576 3372 numquam
1593 3259 1798 3341 dubitasse
1823 3262 1922 3370 quin
1939 3286 1989 3339 ex

631 3382 819 3463 universi
837 3397 973 3460 mente
991 3379 1127 3460 divina
1146 3380 1340 3462 delibatos
1354 3385 1510 3464 animos
1521 3381 1801 3464 haberemus.»
1815 3383 1911 3490 Cap.
1926 3407 1988 3461 αι.

633 3515 660 3609 §
680 3503 741 3615 78.
767 3503 917 3584 Eidem
939 3501 1023 3583 fere
1044 3504 1199 3583 ratione
1222 3503 1363 3584 Cicero
1388 3503 1570 3616 loquitur
1591 3506 1636 3585 in
1662 3503 1890 3584 Tuscum
1906 3502 1989 3610 pri-

490 3637 493 3644 '
633 3629 698 3704 md
716 3624 792 3733 (1):
807 3627 944 3706 «Hanc
961 3626 1196 3732 opinionem
1213 3625 1281 3732 (de
1298 3625 1613 3730 immortalitate)
1635 3625 1880 3734 Pythagoraa
1901 3650 1987 3702 ma·

633 3751 741 3828 xime
761 3745 1033 3844 confirmarit3
1057 3749 1130 3857 qui
1147 3775 1241 3827 cum
1261 3747 1446 3854 Superbo
1467 3763 1659 3854 regnante
1678 3749 1722 3828 in
1742 3746 1893 3828 Iuliam
1916 3771 1986 3825 ve·

634 3870 775 3974 nisset,
799 3869 931 3950 tenuit
951 3893 1136 3974 magnam
1158 3867 1269 3949 illam
1290 3869 1486 3951 Graeciam
1514 3897 1608 3950 cum
1633 3869 1786 3950 honore
1814 3865 1988 3974 discipli·

676 4105 726 4197 (1)
749 4105 829 4195 cap.
849 4105 901 4172 16·
917 4104 937 4194 ς
952 4103 1006 4170 aa.
1021 4102 1110 4170 cum
1126 4104 1385 4197 philosophandi
1400 4083 1555 4192 aaronis)
1575 4129 1643 4199 qua
1659 4127 1739 4171 mm
1757 4116 1804 4171 aa
1817 4103 1988 4193 ryuage

632 4233 700 4294 raa,
716 4211 901 4278 adcuratior
914 4209 1076 4298 expositio
1093 4211 1242 4279 nimium
1255 4234 1348 4278 noea
1364 4214 1533 4301 proposito
1550 4224 1664 4279 nostro
1675 4210 1873 4294 abduoeret,
1890 4211 1929 4274 in
1948 4230 1987 4275 eo

630 4314 793 4380 duximua
806 4337 871 4380 esee
887 4312 1181 4400 adquiescendum,
1195 4327 1252 4399 ut,
1269 4318 1310 4382 ad
1319 4316 1500 4405 primariae
1511 4317 1583 4402 ejua
1598 4316 1648 4382 rei
1663 4325 1813 4382 auctore·
1827 4334 1912 4402 quoe
1924 4313 1987 4402 ipai

631 4418 862 4506 adhibuimus,
882 4417 1019 4484 lectores
1038 4419 1302 4486 amandaremua.
1323 4418 1377 4488 Ad
1395 4420 1583 4510 antiquiora
1603 4443 1705 4512 opem
1724 4421 1796 4489 hm
1819 4420 1987 4511 praecipue
