4517 5867
632 544 676 626 rh
989 531 1179 606 Jctuuts
1202 529 1423 605 mensem
1447 531 1605 605 notre

628 741 863 826 dubitationi
890 737 1107 839 submittit,
1134 757 1181 822 ut
1207 739 1307 822 nihil
1333 739 1553 850 quidquam
1569 739 1751 850 .accipiat
1778 737 1859 822 nisi
1890 703 2005 852 qnod

629 883 876 980 compertum
899 882 939 946 et
961 866 1210 976 exploratum
1237 860 1390 943 habeat.
1416 862 1576 964 Quibus
1599 865 1847 972 praemonitis
1877 865 2005 945 histo-
2101 899 2105 904 .
2178 925 2188 936 .

628 987 903 1075 riamhrevem
915 984 1301 1101 galvano-voltaismi
1318 984 1737 1096 absolvimus;quippe
1745 989 1828 1096 qui,
1842 1005 2006 1075 mortue

628 1117 778 1216 Rider,
797 1130 836 1195 et
853 1117 973 1221 Dory
982 1112 1106 1194 missa
1123 1109 1173 1189 de
1189 1108 1264 1204 hac
1281 1134 1324 1189 re
1342 1136 1480 1218 opere,
1497 1107 1686 1190 conanus
1704 1109 1860 1188 desinit.

680 1335 789 1414 Inter
810 1359 896 1430 eos,
919 1329 1049 1439 quiin
1067 1329 1142 1410 hac
1163 1344 1299 1411 nostra
1321 1325 1481 1438 regione
1501 1343 1645 1440 prater
1665 1324 1782 1410 binos
1803 1343 2004 1430 auctores,

624 1471 732 1570 »quos
740 1483 861 1566 supra
869 1452 1137 1552 laudavimus,
1154 1452 1545 1562 electro-galvanismi
1562 1453 1769 1541 inventum
1785 1451 2006 1560 plurimum

632 1577 903 1675 excoluerunt,
927 1575 1074 1684 eminet
1094 1573 1298 1663 medicinae
1321 1575 1458 1656 doctor
1475 1592 1515 1657 et
1538 1574 1740 1686 professor
1755 1577 1916 1670 Curtet,
1936 1572 2008 1681 qui

631 1699 825 1779 rationem
849 1726 896 1778 ac
922 1697 1156 1780 methodum
1179 1699 1464 1812 suppeditavit,
1493 1727 1574 1809 quo
1602 1697 1796 1781 columnae
1816 1694 2008 1785 actuosis,-

631 1822 742 1916 simae
765 1820 1050 1902 conficerentur
1073 1821 1193 1916 discis
1220 1821 1440 1905 carbonicis
1464 1820 1659 1932 copulatis
1688 1849 1781 1902 cum
1804 1817 1924 1900 discis
1950 1817 2007 1896 lo·

633 1946 772 2024 mances
794 1960 834 2024 et
856 1940 1006 2023 ferreis.
1036 1949 1168 2051 Atque
1191 1945 1382 2026 scintillas
1405 1944 1623 2026 admodum
1646 1959 1921 2033 corruscantes
1946 1967 2007 2026 ex-

634 2065 790 2157 trahere
814 2065 947 2146 docuit
965 2094 1015 2144 ex
1038 2064 1215 2144 minimis
1239 2065 1451 2165 columnis,
1476 2093 1568 2146 cum
1586 2065 1776 2144 excitaret
1798 2090 1872 2172 ope
1890 2061 2008 2144 frusti

636 2186 854 2286 carhonici,
877 2187 1002 2286 acuti,
1030 2186 1266 2295 easdemque
1298 2187 1424 2266 oculis
1455 2186 1665 2286 subduxit,
1687 2186 1731 2266 id
1760 2183 1931 2266 efficiens
1963 2202 2009 2265 ut

635 2335 692 2390 cae
711 2309 753 2390 in
781 2309 969 2390 mercurii
994 2306 1246 2418 superficiem
1273 2306 1577 2389 reflecterentur.
1607 2309 1652 2389 F.
1679 2309 1836 2390 Gerard
1863 2335 2010 2389 nomen
2094 2384 2097 2388 A

637 2461 719 2512 non
737 2430 1044 2540 praeteribimus,
1070 2431 1140 2540 qui
1161 2431 1301 2540 procul
1318 2460 1342 2512 a
1363 2433 1493 2541 patria
1509 2448 1751 2542 praemature
1772 2449 1918 2528 morte,
1940 2430 2012 2510 sed

636 2552 812 2634 scientiis
833 2554 913 2659 jam
932 2552 1211 2662 locupletatus,
1233 2551 1397 2652 occidit;
1420 2555 1492 2662 qui
1514 2553 1657 2663 opibus
1678 2553 1797 2633 etiam
1815 2549 1928 2632 dives
1950 2551 2013 2632 uti

638 2691 679 2756 et
696 2673 891 2774 doctrina,
908 2689 1124 2784 utrumque
1141 2674 1361 2783 plurimum
1382 2675 1433 2756 ad
1450 2675 1666 2786 augendus,
1683 2673 2014 2783 exponendasque

639 2795 865 2907 disciplinas
877 2797 1055 2882 contulit.
1067 2798 1106 2879 ls
1118 2814 1178 2878 est
1189 2798 1381 2880 nimirum
1391 2797 1463 2908 qui
1473 2797 1750 2882 secundariam
1761 2797 1987 2875 columnam
2001 2853 2015 2891 ,

639 2917 863 3020 novamque
876 2921 1151 3016 phaenomena:
1158 2943 1225 2986 um
1236 2923 1511 2986 metricorum
1528 2917 1723 2990 theoriam
1735 2911 1897 3004 invenit.
1915 2916 2014 2995 lau·

642 3037 738 3118 dare
753 3033 872 3114 etiam
891 3027 958 3110 hic
974 3055 1189 3138 possumus
1207 3026 1390 3128 Bourier,
1406 3030 1477 3139 qui
1494 3030 1640 3112 siccam
1656 3033 1883 3116 columnam
1899 3036 2014 3148 longe

648 3173 739 3236 ante
759 3149 953 3234 Zamboni
969 3150 1260 3261 excogitaverat
1277 3167 1318 3234 et
1333 3152 1604 3263 descripserat.
1642 3221 1645 3231 .

699 3388 870 3473 Galvani
887 3383 1064 3497 profecto
1082 3403 1121 3473 et
1139 3386 1262 3488 fama,
1274 3406 1314 3469 et
1329 3406 1443 3500 grets
1454 3383 1698 3500 posteritatis
1716 3393 1850 3476 animo
1869 3393 2011 3506 dignos

646 3513 740 3614 erit,
757 3541 884 3624 neque
897 3538 993 3593 vero
1011 3509 1292 3614 admiratione,
1308 3515 1378 3595 sed
1396 3513 1515 3596 Volta
1528 3515 1686 3600 laudem
1702 3519 1957 3627 consequitur
1974 3535 2014 3600 et

647 3631 966 3736 admirationem,
989 3636 1060 3746 qui
1080 3635 1187 3717 illius
1208 3635 1476 3720 inventionem
1496 3638 1669 3720 maxime
1689 3639 1852 3723 adauxit
1874 3657 1913 3720 et
1933 3669 2013 3720 sm,

645 3760 797 3872 plicuit.
829 3757 989 3840 Lucidis
1022 3756 1130 3840 enim
1156 3755 1298 3841 ductus
1325 3758 1575 3869 experientiis
1605 3777 1645 3842 et
1672 3760 2015 3872 observationibus

649 3911 799 3966 novum
821 3877 899 3966 sibi
919 3879 1249 3966 inveniendorum
1267 3882 1616 3994 phaenomenorum
1635 3883 1790 3972 aditum
1804 3884 2014 3994 patefecit:

651 4006 854 4116 multaque
875 4031 979 4088 nova
1004 4005 1183 4118 protulit
1202 4005 1475 4117 Mediauteque
1498 4007 1749 4091 electricitnte
1773 4035 1848 4118 per,
1867 4018 2017 4090 contac-

649 4109 759 4225 dum,
785 4128 978 4237 ejusmodi
1005 4131 1231 4230 electricum
1261 4149 1497 4242 apparatum
1522 4132 1695 4220 instituit
1717 4159 1837 4240 quern
1857 4129 2016 4238 physici

649 4275 787 4330 omnes
810 4250 993 4363 deinceps
1013 4271 1108 4372 sunt
1130 4254 1273 4338 mirati.
1295 4253 1378 4358 Qui
1395 4271 1609 4362 apparatus
1634 4253 1826 4357 columnae
1843 4250 2017 4362 reltaicsc

646 4399 791 4455 nomen
808 4369 937 4455 hahet.
1067 4435 1072 4446 .
1777 4380 1783 4386 ’
