4517 5867
611 646 859 717 susrousro
883 649 947 718 su
969 646 1142 737 Qunsr.
1165 652 1306 721 suurn.
1635 646 1682 718 ot
1766 651 1770 657 ·

307 841 450 921 effectu
475 846 716 925 retroactivo
742 873 790 925 ex
814 847 856 927 L.
882 846 928 928 16
947 830 991 923 llss
1013 844 1063 924 de
1084 844 1211 927 fundo
1234 846 1380 947 dotali,
1400 846 1561 927 fictione
1583 848 1683 952 legis

305 962 533 1045 excluditur
565 968 671 1047 mala
704 965 819 1066 fides,
852 996 942 1077 quae
968 985 1155 1046 currente
1186 973 1434 1080 usucapione
1462 970 1682 1077 possessori

304 1090 552 1194 supervenit,
567 1092 760 1200 quoniam
774 1088 922 1170 effectu
937 1091 1179 1169 retroactivo
1195 1089 1381 1171 videatur
1391 1121 1549 1200 semper
1563 1091 1682 1172 bonae

306 1207 401 1289 fidei
427 1210 560 1293 fuisse.
582 1217 636 1291 At
652 1239 750 1292 vero
766 1214 810 1292 in
831 1212 1029 1293 fructibus
1050 1240 1136 1293 uon
1165 1216 1297 1320 agitur
1322 1212 1373 1292 de
1397 1215 1517 1290 unici
1538 1240 1683 1293 usuca-

181 1338 189 1407 f
305 1331 429 1437 pione
448 1332 520 1413 sed
543 1332 595 1411 de
612 1350 674 1411 tot
693 1334 1037 1441 usucapionibus,
1057 1351 1161 1445 quot
1181 1352 1276 1414 sunt
1297 1332 1504 1413 fructuum
1524 1359 1685 1439 percep·

306 1452 457 1553 tiones,
480 1455 534 1529 ita
562 1470 608 1531 ut
630 1452 785 1533 fructus
812 1454 922 1535 bonel
943 1454 1022 1536 fide
1042 1458 1222 1562 percepti
1250 1458 1328 1565 ipsi
1355 1482 1521 1566 quoque
1540 1453 1683 1535 cedere

309 1570 502 1675 debeant,
522 1573 617 1655 licet
644 1576 748 1655 mala
775 1575 875 1657 fides
899 1578 976 1684 ipsi
1001 1580 1279 1684 superveniat,
1307 1603 1401 1657 cum
1433 1577 1509 1656 hos
1537 1575 1684 1657 ellectu

309 1697 569 1797 retroactivo,
588 1724 768 1808 quocum
787 1725 931 1776 eorum
950 1700 1145 1805 usucapio
1156 1714 1365 1805 operatur,
1377 1697 1683 1778 videaturbontl

311 1812 389 1895 fide
409 1820 687 1927 acquisivisse3
701 1817 746 1898 id
759 1818 873 1929 quod
889 1818 939 1901 de
949 1820 1051 1900 malai
1062 1818 1140 1899 fide
1150 1817 1438 1930 perceptisdici
1446 1847 1530 1899 non
1539 1836 1683 1928 potest.

361 2070 483 2149 Bonae
510 2073 647 2180 itaque
671 2068 766 2150 fidei
793 2096 999 2177 possessor
1021 2072 1115 2151 facit
1137 2096 1280 2151 omues
1302 2070 1457 2150 fructus
1479 2092 1575 2147 suos
1600 2082 1683 2144 tarn

313 2191 513 2269 naturales
531 2218 655 2300 quam
677 2190 949 2289 industriales‚
970 2208 1011 2271 at
1036 2194 1252 2301 quaeritur,
1272 2220 1326 2270 an
1346 2219 1415 2271 eos
1436 2188 1683 2269 irrevocabi·
1803 2175 1817 2197 ³

311 2305 403 2389 liter
422 2309 539 2392 faciat
558 2340 672 2412 suos,
685 2314 739 2392 ita
757 2329 806 2388 ut
824 2312 992 2389 domino
1010 2314 1312 2417 supervenienti
1330 2330 1371 2389 et
1390 2337 1478 2387 rem
1496 2336 1610 2387 suam
1628 2336 1686 2385 re·

310 2435 465 2535 petenti
489 2432 623 2510 nullos
643 2434 854 2512 restituere
875 2448 1070 2512 teneatur.
1092 2434 1143 2510 Et
1161 2432 1240 2511 hoc
1260 2429 1447 2541 quidem,
1471 2431 1565 2509 licet
1589 2432 1687 2527 sint,

312 2552 383 2658 qui
402 2549 659 2632 industriales
674 2553 992 2633 irrevocabiliter
1015 2551 1158 2633 cedere
1176 2553 1396 2661 possessori
1413 2550 1582 2647 volunt,
1598 2552 1687 2629 sine

312 2670 552 2753 ulleiterum
561 2674 820 2757 distinctione
830 2676 1062 2783 negandum
1071 2693 1281 2786 putamus3
1295 2672 1384 2773 sed,
1398 2671 1524 2751 modo
1534 2670 1688 2750 fructus
1821 2744 1826 2747 .

313 2818 388 2872 nec
400 2799 696 2903 consumpserit
708 2826 782 2877 nec
795 2800 1039 2904 usuceperit‚
1050 2816 1212 2878 tenetur
1221 2785 1291 2877 eos
1302 2822 1444 2902 omnes
1453 2794 1622 2875 domino
1632 2819 1690 2871 re·
1757 2807 1760 2813 ’

314 2909 1689 3022 stituere‚quofacit§351nst.derer.divis.‚quiageusderestitutione

314 3034 616 3115 industrialium
628 3032 728 3115 dicit
738 3035 789 3117 de
799 3034 1050 3144 consumptis
1058 3059 1145 3112 non
1153 3034 1241 3138 agi,
1255 3049 1301 3111 ut
1312 3030 1496 3112 rideatur
1510 3032 1690 3113 indicare

317 3156 368 3237 de
387 3157 638 3236 exstantibus
657 3160 869 3266 agiposse,
884 3183 978 3267 cum
997 3153 1170 3233 inclusio
1183 3154 1307 3238 unius
1327 3170 1388 3233 est
1401 3151 1577 3236 exclusio
1592 3153 1690 3235 alte-

316 3278 417 3379 rius,
430 3276 541 3359 idem
552 3278 675 3358 habet
691 3280 734 3359 L.
749 3277 792 3379 Δ,
806 3288 866 3383 §2
887 3276 927 3356 ff.
948 3276 1092 3357 finium
1111 3276 1299 3383 regund.‚
1317 3278 1485 3385 insuper
1504 3303 1692 3382 expresse

316 3399 437 3479 nobis
457 3398 550 3479 facit
568 3402 612 3478 L.
634 3428 697 3481 22.
717 3401 760 3479 C.
783 3400 834 3479 de
856 3402 916 3481 rei
934 3400 1067 3499 vind.‚
1085 3400 1160 3480 ubi
1178 3416 1377 3479 exstantes
1395 3398 1549 3475 fructus
1569 3395 1693 3475 indis·

291 3538 294 3549 '
317 3522 441 3603 tincte
458 3522 651 3602 dicuntur
669 3523 906 3604 restituendi
927 3524 1051 3603 :hinc
1071 3526 1192 3607 etiam
1204 3526 1334 3602 utitur
1346 3524 1389 3599 L.
1404 3520 1457 3617 48
1476 3518 1516 3595 ff.
1535 3519 1588 3595 de
1606 3545 1691 3627 aeq.

318 3641 512 3722 rerdom.
531 3644 667 3724 verbis
674 3672 782 3753 pene
791 3662 833 3725 et
843 3648 1011 3724 interim.
1025 3649 1221 3722 Praeterea
1232 3662 1274 3720 et
1286 3646 1389 3717 ratio
1400 3639 1503 3746 juris
1515 3638 1593 3717 hoc
1605 3665 1693 3747 pos·
1786 3733 1790 3745 1

321 3762 437 3867 tutat,
448 3764 546 3845 ideo
566 3768 676 3847 enim
690 3765 808 3845 bonae
827 3765 921 3845 fidei
935 3792 1142 3874 possessor
1154 3762 1309 3843 fructus
1321 3764 1544 3867 praesertim
1562 3766 1694 3871 acqui·

322 3888 391 3984 rit,
411 3890 507 3995 quia
528 3888 713 3990 interim,
727 3887 857 3967 donec
874 3886 1064 3967 dominus
1082 3884 1422 3992 compareat‚ipse
1435 3910 1511 3989 pro
1523 3881 1693 3963 domino

322 4006 510 4109 habetur,
529 4009 664 4119 itaque
683 4009 852 4089 domino
871 4025 1128 4117 comparente
1143 4005 1278 4086 deficit
1295 4006 1414 4103 ratio,
1428 4034 1478 4086 ex
1495 4006 1578 4116 qui
1594 4004 1694 4084 fruc·

323 4146 389 4210 tus
415 4132 597 4239 acquirat
609 4148 677 4217 aut
690 4135 875 4227 retineat;
895 4150 1145 4239 quapropter
1155 4158 1226 4211 eos
1240 4157 1397 4231 omnes,
1410 4130 1487 4208 nisi
1511 4129 1693 4233 usucapti

327 4269 397 4332 aut
409 4254 635 4357 consumpti
645 4254 743 4351 sint,
756 4251 923 4331 domino
935 4251 1058 4332 debet
1070 4256 1296 4352 restituere,
1310 4264 1570 4355 consumptos
1582 4250 1694 4327 enim

329 4388 494 4479 excepto
515 4398 609 4455 casu
631 4376 674 4455 L
696 4374 748 4471 48
767 4373 807 4453 fs.
826 4373 877 4454 de
897 4378 957 4455 rei
984 4374 1093 4457 vind.
1117 4379 1329 4459 restituere
1356 4399 1440 4454 non
1462 4370 1608 4473 debet,
1630 4387 1691 4450 ta-
1767 4436 1772 4445 .

425 4516 488 4585 111.
693 4561 699 4573 ·
1512 4538 1538 4610 9
1673 4577 1676 4581 .
1791 4543 1794 4548 ⁴
