4517 5867
518 632 523 641 ’
603 653 652 737 40
991 647 1149 718 enine.
1177 644 1265 755 ssu
1291 642 1582 715 scnonnannr

604 874 764 928 necesse
785 844 913 927 estad
935 843 1187 924 retinendam
1205 842 1517 951 possessionem,
1533 855 1582 917 ut
1595 836 1811 919 habeamus
1829 844 1974 926 volun-

603 965 735 1049 tatem
751 996 839 1048 eam
868 965 1070 1047 retinendi
1098 966 1325 1074 positivam,
1345 961 1418 1041 sed
1438 963 1624 1065 negativa
1651 959 1817 1059 sufficit,
1835 963 1980 1070 idest,

603 1089 717 1200 quod
738 1090 925 1187 sufficiat,
953 1080 1204 1170 voluntatem
1230 1114 1355 1198 quam
1386 1085 1431 1161 in
1458 1082 1705 1192 acquirendi
1726 1089 1983 1191 possessione·

602 1210 836 1311 babuimus,
863 1238 949 1291 non
976 1210 1098 1291 fnisse
1127 1226 1345 1302 mutatam,
1367 1203 1526 1286 tamdiu
1549 1208 1659 1288 enim
1678 1206 1877 1323 quamdiu
1903 1236 1983 1317 per·

602 1337 842 1413 contrariam
861 1334 1109 1414 voluntatem
1135 1360 1222 1411 non
1244 1329 1368 1409 fuerit
1400 1346 1605 1430 revocata,
1637 1357 1852 1410 censemur
1878 1320 1983 1439 pos?

600 1457 819 1535 sessionem
845 1480 920 1561 per
942 1481 1031 1535 eam
1057 1456 1253 1551 retinere,
1278 1450 1356 1531 nisi
1375 1451 1465 1560 quis
1492 1448 1593 1528 alius
1612 1477 1700 1529 eam
1729 1455 1971 1559 occupassit,

601 1578 672 1685 qni
694 1604 769 1657 nos
788 1575 840 1655 ad
862 1602 951 1655 eam
966 1575 1185 1657 redeuntes
1206 1590 1247 1655 et
1273 1600 1360 1654 eam
1386 1570 1542 1679 ingredi
1568 1570 1749 1651 volentes
1775 1573 1982 1679 repulerit·

600 1698 643 1775 L.
665 1696 711 1794 3,
729 1700 755 1795 §
775 1724 801 1805 9
824 1696 862 1777 ff.
888 1697 926 1777 h.
946 1714 972 1777 t.
991 1698 1098 1777 Hinc
1116 1701 1254 1795 etiam,
1272 1695 1463 1808 quamvis.
1476 1693 1651 1779 furiosus
1669 1711 1837 1802 propter
1859 1694 1971 1775 suro-
2009 1758 2013 1763 .

600 1846 709 1921 rem,
727 1816 934 1899 dormiens
959 1837 1128 1927 propter
1150 1845 1339 1901 somnum
1361 1817 1523 1901 desinat
1537 1816 1686 1906 hahere
1702 1818 1881 1896 animum
1893 1816 1972 1899 sibi

597 1937 796 2038 habendi,
811 1968 894 2021 non
915 1956 1176 2021 tamensuam
1187 1942 1482 2055 possessionem
1504 1943 1716 2051 amittunt,
1735 1937 1806 2018 sed
1822 1938 1966 2023 nihilo-

597 2058 734 2137 minus
746 2082 837 2137 eam
855 2062 1042 2134 retinent.
1062 2056 1116 2137 At
1132 2080 1231 2133 vero
1251 2053 1379 2165 quaeri
1398 2069 1557 2161 potest,
1577 2082 1651 2135 cur
1666 2062 1860 2162 placuerit
1876 2060 1968 2163 iegi-

594 2177 690 2277 bus,
717 2180 1013 2288 possessionem
1033 2176 1121 2259 solo
1140 2178 1274 2277 animo
1297 2177 1435 2283 potius
1458 2176 1641 2280 retineri,
1669 2204 1795 2285 qnam
1820 2180 1970 2290 acquiri

596 2328 725 2411 posse.
755 2300 1082 2411 Respondemus,
1101 2298 1195 2384 ideo
1221 2298 1514 2408 possessionem
1533 2298 1622 2377 solo
1651 2300 1788 2379 animo
1808 2302 1973 2380 retineri

596 2450 737 2532 posse,
759 2440 847 2503 tum
871 2424 967 2529 quia
995 2423 1109 2499 omni
1122 2420 1213 2527 jure
1232 2418 1389 2497 facilior
1406 2434 1467 2496 est
1484 2421 1659 2495 retentio
1687 2446 1810 2523 quam
1834 2422 1972 2531 acqui-

595 2546 707 2641 sitio,
735 2560 824 2623 tum
855 2540 973 2651 quia,
996 2540 1031 2615 si
1064 2536 1115 2615 ad
1143 2538 1412 2622 retentionem
1439 2535 1700 2644 possessionis
1730 2562 1835 2641 opus
1865 2560 1971 2619 esset

593 2683 763 2763 corpore
789 2673 830 2735 et
849 2656 1008 2757 animo,
1036 2653 1079 2734 id
1103 2655 1146 2735 in
1168 2656 1316 2732 nimias
1333 2652 1590 2733 difficultates
1608 2651 1825 2757 incideret,
1842 2658 1900 2737 ita
1921 2677 1969 2739 ut

590 2774 804 2857 necessitas
822 2766 1028 2879 exegerit,
1048 2788 1096 2853 ut
1112 2772 1311 2885 possessio
1342 2770 1431 2857 solo
1454 2771 1594 2855 animo
1621 2774 1792 2865 retineri
1813 2798 1970 2885 posset,

591 2924 686 2984 cum
713 2910 754 2975 et
776 2893 871 2975 alias
894 2892 1189 3002 possessionem
1210 2891 1433 2973 multarum
1451 2920 1591 2973 rerum
1617 2900 1827 3007 acquirere
1859 2902 1968 2983 haud

592 3046 818 3129 possemus,
848 3017 1065 3135 quintam
1098 3012 1266 3103 aliarum
1295 3042 1435 3108 retum
1449 3019 1739 3105 amitteremus„

645 3260 766 3343 Enim
784 3288 882 3341 vero
901 3261 1014 3371 quod
1035 3261 1206 3363 dicitnr,
1226 3267 1521 3372 possessionem
1534 3264 1625 3345 solo
1644 3266 1781 3348 animo
1800 3272 1966 3351 retineri

591 3412 727 3495 posse,
743 3382 822 3464 hoc
842 3386 903 3503 ita
922 3386 1049 3493 accipi
1069 3412 1154 3465 non
1175 3403 1326 3493 potest,
1347 3390 1462 3499 quasi
1481 3388 1790 3501 qualiscumque
1811 3395 1966 3479 animus

590 3507 642 3588 ad
662 3507 927 3613 possessionis
951 3507 1225 3587 retentionem
1239 3507 1464 3608 sufficeret,
1482 3509 1554 3593 sed
1574 3513 1838 3617 restringatur
1861 3540 1961 3619 opus

591 3626 712 3708 estad
723 3632 904 3709 animum
922 3628 1197 3733 efficacem,id
1208 3629 1328 3711 estad
1346 3627 1549 3731 animum,
1565 3634 1639 3744 qui·
1651 3633 1885 3740 conjunctus
1899 3647 1958 3710 est

591 3776 684 3829 cum
703 3749 885 3831 facultate
903 3765 973 3831 aut
985 3778 1056 3859 spe
1077 3751 1247 3853 morali,
1262 3782 1351 3838 rem
1363 3754 1533 3853 iterum,
1548 3782 1641 3835 cum
1661 3753 1846 3851 velimus,
1866 3779 1957 3830 cor·

590 3900 690 3982 pore
712 3872 1064 3982 apprehendendi3
1095 3877 1142 3955 ei
1171 3878 1282 3957 enim
1309 3877 1491 3959 monitate
1518 3876 1660 3957 amissi
1692 3890 1849 3951 certum
1877 3890 1959 3971 est,

589 4020 666 4073 nos
691 3995 812 4076 etiam
843 3998 992 4083 invitos
1018 3991 1225 4104 possidere
1257 3993 1450 4075 desinere
1476 3999 1584 4073 Hinc
1611 3998 1668 4091 is,
1694 3992 1765 4097 qui
1791 3994 1957 4073 nemine

589 4116 634 4196 in
652 4115 901 4223 possessione
919 4118 1076 4219 relicte,
1096 4114 1148 4207 ed
1169 4116 1373 4198 nundinas
1394 4110 1678 4223 proficiscitur,
1700 4112 1846 4192 retinet
1862 4139 1956 4221 pos·

588 4238 822 4337 sessionem,
852 4243 1034 4347 quamvis
1054 4238 1157 4321 alius
1178 4268 1269 4320 eam
1289 4240 1453 4321 interim
1474 4235 1751 4345 occupaverit,
1770 4263 1819 4314 eo
1840 4236 1954 4345 quod

586 4352 673 4433 solt
698 4356 770 4445 hac
798 4358 883 4471 ejus
909 4364 1171 4475 occupatione
1200 4390 1287 4457 non
1317 4362 1465 4451 amittit
1489 4359 1718 4448 facultatem
1746 4376 1816 4445 aut
1841 4386 1954 4473 spem
