4517 5867
673 692 917 761 arsrousro
936 690 999 759 su
1021 688 1186 776 Quasi.
1214 692 1354 761 scaro.
1628 716 1694 789 ιη

327 890 448 967 traria
466 890 724 997 presumptio
744 887 977 997 praeplacuit
994 884 1220 966 hodiedum
1239 889 1283 967 in
1295 904 1371 997 art
1391 886 1443 969 26
1467 886 1566 969 Cod.
1586 892 1698 968 Proc.

324 1013 637 1090 Verumtamen
658 1013 784 1120 quaeri
803 1028 953 1119 potest,
975 1026 1114 1088 utrum
1133 1026 1204 1087 art.
1225 1009 1292 1089 bic
1317 1009 1368 1092 26
1391 1038 1475 1090 non
1495 1011 1627 1091 solum
1647 1012 1699 1090 de

324 1132 427 1211 facto
448 1135 709 1241 possessionis
726 1134 798 1213 sed
820 1150 859 1212 et
881 1134 1002 1211 etiam
1026 1130 1076 1211 de
1098 1129 1190 1238 jure
1211 1131 1456 1239 possidendi,
1470 1137 1524 1213 sit
1548 1134 1698 1214 intelli-

324 1254 499 1359 gendus,
517 1256 571 1334 ita
590 1273 636 1334 ut
647 1283 683 1334 v.
700 1282 735 1359 g.
756 1254 1019 1357 fructuarius,
1033 1254 1106 1362 qui
1126 1252 1355 1333 dominium
1375 1252 1494 1333 fundi
1503 1255 1581 1333 sibi
1597 1283 1697 1334 con·

324 1375 495 1455 tendens
512 1378 554 1454 in
572 1378 764 1482 petitorio
784 1375 1014 1474 succubuit,
1030 1403 1115 1465 non
1134 1377 1262 1485 possit
1280 1374 1453 1485 amplius
1471 1402 1589 1482 agere
1604 1401 1699 1484 pos-

325 1499 496 1576 sessorio
515 1496 659 1592 modo,
686 1516 733 1577 ut
752 1500 1045 1605 possessionem
1063 1498 1126 1577 sui
1147 1497 1398 1577 ususfructus
1419 1514 1700 1606 consequatur,

326 1618 451 1721 Quod
474 1620 708 1725 negandum
728 1638 939 1727 putamus,
958 1621 1055 1730 quia
1080 1636 1140 1699 est
1164 1619 1225 1698 ibi
1248 1647 1351 1699 nova
1371 1620 1586 1723 instantia,
1610 1648 1702 1730 quae

329 1772 421 1823 cum
450 1746 577 1853 priori
605 1744 706 1823 nihil
737 1760 953 1824 commune
983 1742 1126 1840 habet;
1156 1770 1240 1824 non
1266 1759 1401 1851 potest
1428 1745 1566 1852 itaque
1591 1742 1699 1823 fiuc-

328 1866 487 1970 mario,
512 1866 605 1947 licet
626 1865 707 1975 jam
728 1867 771 1944 in
790 1865 981 1973 petitorio
1002 1863 1287 1964 succubuerit,
1308 1864 1470 1944 facultas
1497 1862 1715 1973 probandi

328 1989 391 2095 jus
413 2017 532 2068 suum
561 1986 795 2097 possidendi
818 1987 981 2067 auferri.
1009 1988 1127 2067 Actio
1146 2013 1230 2065 non
1252 1988 1329 2065 erit
1350 1985 1522 2093 amplius
1542 2012 1699 2093 posses·

331 2113 459 2209 soria,
477 2112 630 2220 quippe
643 2112 687 2187 in
703 2111 750 2187 es
769 2107 1038 2187 discuteretur
1053 2106 1118 2214 jus
1137 2107 1188 2186 ad
1200 2109 1511 2214 possessionem,
1523 2104 1567 2185 id
1585 2104 1700 2215 quod

332 2234 541 2311 constituit
570 2232 802 2341 qualitatem
832 2230 1095 2310 exclusoriam
1118 2230 1286 2308 actionis
1307 2227 1580 2335 possessoriae,
1606 2228 1698 2335 qui-

333 2356 410 2434 bus
431 2372 471 2434 et
490 2354 535 2435 id
554 2355 727 2455 accedit,
747 2353 861 2463 quod
884 2352 1033 2433 durum
1054 2370 1096 2431 et
1116 2354 1307 2459 iniquum
1325 2366 1428 2427 esset
1447 2348 1698 2424 contrarium

334 2476 537 2575 decidere,
551 2478 702 2587 quippe
717 2474 941 2555 auferretur
962 2474 1181 2553 fructuario
1197 2471 1285 2579 jus,
1304 2469 1355 2549 de
1372 2497 1455 2579 quo
1470 2467 1549 2548 sibi
1562 2522 1576 2569 ‚
1589 2483 1699 2546 ante-

335 2626 457 2709 quam
476 2597 519 2680 id
540 2600 583 2679 in
601 2600 913 2679 controversiam
934 2612 1170 2697 vocaretur,
1190 2618 1332 2672 cavere
1355 2618 1440 2670 uon
1453 2590 1606 2701 potuit.
