4517 5867
1084 682 1243 765 ramo.
1266 684 1357 755 rso
1380 638 1671 755 scaomsmr

1178 927 1370 1013 SECTIO
1394 926 1569 1009 PRIMA.

862 1158 1072 1268 Quomodo
1095 1160 1312 1239 omittatur
1324 1156 1514 1264 possessio
1532 1150 1645 1233 nobis
1664 1150 1920 1236 volentibus?

739 1404 933 1483 Volentes
947 1403 1170 1483 amittimus
1180 1402 1474 1509 possessionem
1486 1396 1645 1477 duabus
1663 1424 1713 1477 ex
1728 1402 1873 1505 causis,
1885 1400 1950 1482 vel
1964 1403 2064 1512 quia

689 1550 776 1604 eam
797 1523 865 1603 alii
891 1520 1106 1625 tradimus,
1125 1520 1191 1602 vel
1208 1522 1309 1635 quia
1325 1547 1415 1601 eam
1437 1547 1513 1629 pro
1535 1517 1722 1631 dereiioti
1738 1517 1945 1602 habemus.

738 1746 814 1829 Per
824 1744 1083 1828 traditionem
1102 1746 1323 1828 amittimus
1340 1747 1521 1829 volentos
1541 1747 1848 1855 possessionem,
1860 1761 1909 1826 ut
1921 1748 1955 1827 si
1965 1772 2063 1827 rem

684 1866 750 1948 alii
777 1868 982 1949 tradamus
1007 1869 1144 1948 animo
1165 1867 1434 1951 transferendi
1455 1870 1493 1949 ei
1514 1868 1627 1951 altori
1653 1872 1711 1950 rei
1739 1869 2060 1978 possessionem

681 1989 777 2064 talis.
799 1992 909 2073 onim
936 1990 1824 2090 traditiomscossariosontinotffiroluntatom
1844 1987 2065 2072 amittendi

680 2104 1002 2215 possessionem,
1029 2116 1172 2206 utpote¹
1201 2098 1301 2180 ulter
1330 2126 1419 2179 eam
1440 2098 1768 2211 acquirere‘rron
1794 2127 1946 2209 potest,
1973 2111 2062 2183 uisi

681 2224 887 2333 possidere
902 2222 1145 2309 desinamus
1159 2221 1333 2307 Amissio
1353 2249 1471 2326 vero,
1490 2250 1578 2333 quae
1596 2223 1676 2304 hoc
1696 2226 1897 2331 contingit
1913 2225 2060 2325 modo,

679 2342 749 2427 fiet
762 2346 899 2424 animo
920 2360 961 2423 et
978 2369 1171 2451 corpore,
1192 2343 1227 2423 si
1249 2343 1415 2425 traditio
1442 2370 1534 2427 vara
1553 2347 1627 2444 sit,
1647 2349 1683 2427 si
1710 2365 1849 2435 autem
1873 2349 1925 2428 sit
1944 2348 2061 2451 ficta,

677 2484 726 2547 ut
745 2464 1011 2547 conducendo
1034 2493 1121 2545 rem
1147 2463 1382 2545 tradendam
1405 2482 1476 2545 aut
1495 2493 1611 2545 usum
1633 2466 1814 2553 fructum
1835 2470 2058 2553 retinendo

679 2590 724 2671 L.
750 2588 796 2671 18
816 2586 856 2673 ff.
874 2586 913 2667 h.
932 2603 981 2689 t,
1003 2585 1046 2671 C.
1066 2586 1104 2665 la
1123 2585 1341 2684 immissio
1361 2583 1432 2695 fiat
1453 2584 1541 2669 solo
1562 2587 1701 2679 animo
1720 2588 1879 2703 absque
1897 2618 2053 2699 corpo-

739 2937 938 3027 Caetorum
963 2928 1081 3013 sicuti
1112 2928 1296 3011 dominia
1319 2953 1480 3034 rerum,
1508 2931 1674 3041 quando
1700 2931 1780 3015 suh
1809 2934 2051 3017 conditione

675 3056 988 3160 transferuntur,
1004 3081 1091 3134 non
1113 3055 1245 3163 prius,
1262 3068 1361 3161 puta
1379 3056 1578 3163 emptori,
1595 3058 1788 3166 acquisita
1807 3074 1848 3133 et
1866 3058 2050 3162 proinde

675 3178 817 3257 amissa
842 3193 939 3259 sunt
964 3202 1088 3285 quam
1115 3181 1310 3261 existente
1338 3173 1595 3270 conditione,
1622 3176 1678 3255 im
1699 3177 1820 3255 etiam
1844 3178 2047 3284 possessio

672 3298 750 3381 sub
781 3293 1015 3383 conditione
1048 3295 1194 3377 tradita
1221 3321 1308 3375 non
1336 3298 1450 3402 prius
1475 3298 1717 3404 intelligitur
1746 3301 1889 3379 amissa
1919 3326 2043 3409 quam

674 3424 868 3504 existento
897 3415 1132 3498 conditione
1158 3418 1202 3499 L
1221 3416 1341 3523 38,§
1368 3416 1441 3502 sff.
1456 3418 1494 3498 h.
1513 3437 1559 3521 t,
1577 3421 1681 3528 quin
1710 3422 1795 3501 imo
1818 3420 1911 3501 licet
1936 3418 2046 3497 nulla

675 3542 855 3623 conditio
878 3539 1001 3625 fuerit
1025 3537 1233 3623 traditioni
1252 3542 1456 3648 apposita,
1479 3565 1564 3626 non
1586 3545 1698 3649 prius
1721 3570 1811 3623 sum
1829 3543 2043 3651 possessio·

674 3690 770 3751 nem
808 3664 1042 3762 amissurus,
1070 3689 1193 3773 quom
1216 3661 1330 3771 quod
1350 3663 1402 3775 is,
1429 3664 1496 3744 oui
1526 3664 1689 3745 traditio
1717 3663 1816 3745 facta
1848 3682 1922 3761 est,
1950 3688 2046 3739 eam

673 3787 949 3901 acquisiverim
967 3810 1062 3867 nam
1079 3801 1126 3871 ut
1140 3784 1262 3867 habet
1275 3785 1319 3865 Is
1343 3783 1390 3868 18
1406 3784 1446 3863 ff.
1469 3784 1521 3866 do
1538 3788 1578 3865 vi
1598 3803 1640 3865 ot
1656 3787 1695 3863 vi
1714 3812 1822 3886 arm,
1840 3811 1924 3861 non
1945 3797 2042 3859 ante

670 3913 810 3992 amissa
835 3908 1032 4017 possessio
1063 3906 1249 4006 videtur,
1281 3933 1406 4017 quam
1435 3909 1468 3987 si
1497 3906 1644 3985 tradita
1672 3905 1811 3985 firisset
1839 3902 2041 4005 emptori,

672 4036 765 4139 quia
782 4058 903 4114 nemo
924 4054 973 4108 eo
997 4032 1134 4105 animo
1160 4042 1284 4123 esset,
1305 4048 1352 4107 ut
1375 4030 1667 4127 possessionem
1688 4022 1894 4097 amitteret
1921 4046 2040 4127 prop

670 4168 733 4233 ter
760 4162 1007 4254 emptorem,
1031 4171 1155 4255 quam
1185 4157 1347 4250 emptor
1377 4134 1545 4246 adeptus
1572 4164 1659 4216 non
1688 4135 1835 4217 fuisset.
1861 4140 2039 4219 Contra-

670 4276 779 4361 rium
794 4286 928 4363 ,tamon
942 4271 1090 4355 dicitur
1101 4268 1145 4347 in
1162 4268 1206 4345 L.
1232 4263 1295 4365 18,
1312 4268 1338 4363 §
1352 4290 1367 4341 1
1385 4260 1424 4340 ff.
1444 4260 1484 4351 h,
1501 4277 1544 4362 a,
1562 4258 1637 4341 ubi
1655 4258 1824 4352 dicitur,
1845 4259 1983 4370 quod,
2001 4262 2034 4339 si

668 4394 839 4485 furioso,
859 4412 982 4497 quem
996 4413 1103 4467 sanae
1121 4388 1269 4466 mentis
1285 4384 1506 4482 existimas,
1527 4408 1576 4462 eo
1595 4381 1709 4491 quod
1736 4381 1841 4460 forte
1867 4384 1912 4460 in
1939 4408 2030 4461 con·

669 4528 808 4625 spectu
821 4508 1059 4591 inumbratae
1074 4509 1223 4615 quietis
1235 4505 1313 4587 fuit
1327 4510 1682 4611 constitutus,rem
1699 4504 1927 4605 tradideris,
1941 4504 2027 4583 lieet
