4517 5867
504 545 749 621 RESPONSIO
768 541 836 614 ‘AD
858 541 1164 654 QUAESTlONlffl
1186 537 1428 620 rffts'teatt.
1608 545 1656 649 37

288 755 606 872 quonam'stim
622 769 726 836 esset
740 743 924 834 memiana
947 749 1146 857 memoli
1171 753 1339 836 monia
1362 761 1595 866 necesses,
1618 765 1656 848 si

287 880 731 992 effecmsqriorirotmr
748 898 848 986 pure
867 873 1059 984 phynees
1079 879 1215 957 esset?
1659 896 1663 908 ·

337 1057 475 1136 Petere
502 1051 623 1133 etiam
647 1047 831 1132 volumus
859 1043 909 1126 ab
935 1045 985 1126 iis
1010 1048 1080 1156 qui
1103 1043 1298 1130 columnae
1326 1050 1523 1137 actionem
1546 1079 1656 1149 mera

286 1159 498 1288 physicam
508 1173 691 1259 tribuunt
704 1171 916 1254 caloricum
926 1185 1085 1272 utrum,
1100 1187 1140 1254 et
1155 1170 1408 1284 lumen‚que
1415 1174 1656 1286 evolvtmmr

285 1315 463 1408 tempore
471 1295 791 1378 inflammationis
806 1319 992 1404 gazorum
1011 1311 1049 1376 et
1063 1321 1178 1406 aquae
1185 1323 1257 1404 per
1267 1296 1491 1387 columnam
1500 1299 1655 1382 domm.

285 1421 479 1530 positione
489 1415 852 1516 ortorum,aliunde
862 1415 939 1502 nisi
948 1444 997 1498 ex
1006 1413 1487 1532 hocipsoapparatuoriai
1496 1436 1655 1532 queant.

278 1537 525 1650 'Hujusmodi
543 1538 646 1618 actio
662 1529 912 1638 mechanica,
935 1537 1064 1622 inesse
1087 1537 1306 1627 deberetis
1319 1571 1370 1626 eo
1383 1541 1568 1654 repulsu.
1583 1542 1656 1652 qui

285 1661 328 1744 in
346 1658 578 1772 eorporibus
597 1659 778 1742 similiter
797 1658 1051 1762 electrisatis,
1075 1679 1114 1746 at
1134 1662 1180 1749 in
1203 1666 1436 1748 attractione
1455 1666 1562 1751 inter
1576 1664 1655 1763 alia
1706 1661 1709 1666 ’

284 1809 452 1896 corpora
474 1783 653 1898 opposite
679 1781 899 1866 electrisata
920 1778 1081 1870 obtittet.
1100 1788 1239 1900 Neque
1260 1812 1356 1870 vero
1376 1787 1484 1870 haud
1503 1786 1655 1877 mirum

284 1905 326 1985 in
352 1905 476 2014 priori
502 1903 646 2006 effectu
675 1905 823 1986 similes
849 1931 1061 2019 oorporum
1082 1926 1216 2018 partes
1238 1911 1519 2018 potiusquam
1538 1906 1655 2001 dissi·

287 2025 400 2118 miles
418 2055 441 2105 a
462 2054 505 2106 se
524 2026 695 2109 invicem
713 2051 794 2106 non
811 2028 986 2136 separari
1004 2043 1044 2108 et
1061 2027 1132 2138 qui
1148 2026 1216 2111 fiat
1235 2046 1282 2111 ut
1297 2029 1383 2112 ltaec
1399 2030 1573 2138 repulsio
1591 2057 1655 2111 cor

286 2145 496 2248 laesionis,
520 2148 652 2258 potius
675 2175 796 2258 quam
822 2147 1168 2262 decompositionis
1192 2151 1377 2234 renixum
1395 2151 1553 2236 vincere
1574 2177 1656 2232 non

288 2268 438 2350 debeat.

339 2440 497 2520 Statum
524 2436 751 2535 electricum
778 2437 997 2546 positivum
1023 2437 1219 2540 calorioo,
1252 2455 1293 2522 et
1317 2438 1480 2526 lumini·
1504 2454 1655 2523 statim

285 2559 510 2642 electrioum
528 2557 771 2670 negativum,
791 2575 830 2638 et
848 2559 1015 2645 calorioo
1036 2559 1362 2648 electrisationem
1379 2562 1441 2645 vis
1458 2560 1656 2667 excitandi

286 2681 481 2790 adscripta
500 2693 580 2780 est,
606 2707 693 2790 quae
710 2679 944 2764 ‚electrisatio
962 2681 1088 2766 vitrea
1106 2681 1266 2792 dictam
1285 2699 1326 2766 et
1341 2683 1486 2769 lumini
1502 2681 1655 2766 electri·

286 2804 386 2881 satio
403 2803 599 2883 resinosae.
617 2803 806 2884 Praeterea
818 2803 971 2886 dietum
989 2821 1050 2886 est
1061 2803 1265 2902 probabile
1281 2829 1369 2886 esse
1384 2806 1428 2886 in
1442 2829 1655 2900 corporum

285 2913 618 3028 decompositione
631 2908 929 2990 electrioitatum
943 2903 1124 3006 alteram,
1138 2907 1203 2992 vel
1217 2932 1306 3016 quae
1319 2908 1490 3014 positiva
1499 2913 1654 3014 dicitur,

288 3067 455 3152 quaeque
476 3034 679 3115 aeidorum
703 3030 968 3110 characterem
989 3025 1172 3140 praelert2
1190 3055 1282 3110 oum
1304 3055 1468 3138 corpore
1489 3033 1655 3139 oombu.

289 3180 400 3246 rente
423 3160 587 3241 alteram
609 3179 704 3239 vero
728 3151 792 3233 vel
814 3177 901 3259 quae
923 3150 1104 3258 negativa
1122 3147 1250 3248 audit,
1271 3165 1312 3229 et
1333 3177 1421 3258 quae
1445 3155 1655 3238 oxidorum

288 3274 834 3373 emmeramensem
846 3267 1289 3380 oorporecombustibili
1299 3269 1525 3356 oombinari.
1537 3279 1655 3360 Tales

289 3399 512 3515 explicandi
538 3398 710 3480 rationes
735 3392 868 3504 potius
894 3391 1073 3473 obscurae
1097 3417 1219 3503 quam
1240 3393 1283 3473 in
1305 3409 1442 3502 aperto
1457 3389 1656 3477 'theoriam

291 3525 508 3638 proferant,
527 3519 642 3602 nobis
659 3517 859 3617 videntum
878 3511 1134 3596 manifestum
1152 3513 1257 3595 enim
1276 3529 1336 3596 est
1352 3514 1502 3598 lumine
1515 3515 1654 3597 calori·

290 3677 383 3732 cum
402 3672 529 3754 usque
546 3642 597 3724 ad
613 3655 762 3722 statum
780 3639 1005 3744 electrioum
1022 3635 1130 3716 tendi
1149 3661 1266 3744 posse
1283 3670 1294 3736 3
1316 3637 1425 3719 sicat¹
1437 3655 1476 3718 et
1492 3637 1656 3718 luminis

291 3769 496 3854 intansitas
513 3763 682 3846 oalorioo
695 3758 863 3870 deprimi
875 3773 1020 3868 potest,
1038 3755 1163 3838 donec
1175 3756 1344 3841 adhunc
1360 3760 1494 3868 ipsum
1507 3774 1655 3840 statum

290 3893 517 3974 eleotrloum
543 3884 753 3966 transierit.
781 3884 913 3990 Atque
937 3878 1099 3988 insuper
1125 3875 1302 3962 infinitus
1330 3870 1655 3962 intermedlarum

294 4013 518 4094 tensionem
534 4033 725 4090 numerus
749 4019 945 4084 extremos
965 4003 1070 4082 inter
1088 4001 1249 4081 luminis
1271 4016 1310 4080 et
1336 3999 1491 4080 calorioi
1508 3998 1654 4110 gradus

296 4135 477 4228 interese
499 4155 669 4238 quorum
686 4153 827 4234 nempe
843 4123 1048 4205 intersitas
1066 4122 1196 4202 minor
1216 4135 1286 4200 est.
1304 4121 1401 4200 llaec
1415 4115 1655 4202 intensitatis'

299 4252 504 4336 diversitas
539 4247 705 4330 diversis
734 4274 964 4356 corporum,
991 4233 1080 4354 quae
1109 4242 1254 4324 directe
1285 4240 1655 4350 decomponunttr'r,

298 4367 933 4478 effectibusaooommodaripotest,
940 4336 1671 4544 quaecorporalpoomponendaomnia·
