4517 5867
643 630 1355 724 rrmrousrolnonrusr.tun1n.
1630 650 1676 745 ⁶7
1733 690 1735 692 >

296 829 429 911 triales
458 828 570 911 eninr
598 828 693 911 lacit
712 858 807 911 suos
831 832 928 911 dure
948 833 1166 934 Gentimn‚
1187 842 1389 921 naturales
1413 861 1549 925 autem
1572 850 1670 928 lure

293 951 429 1051 Civili,
442 980 551 1087 ,nam
574 980 624 1036 ex
650 956 672 1037 J
676 982 747 1037 ure
768 955 963 1037 Gentium
986 963 1211 1039 necessario
1233 967 1444 1071 pertinent
1459 967 1521 1048 ad·
1534 966 1667 1052 domi-

292 1103 395 1157 uum
415 1104 485 1157 rer.

345 1322 450 1405 Cum
467 1324 522 1423 is,·
537 1323 609 1431 qui
629 1322 738 1403 boni
758 1323 841 1403 fide
857 1342 897 1404 et
914 1324 1023 1433 justo
1045 1325 1163 1407 titulo
1184 1330 1424 1439 acquisitam
1447 1338 1666 1439 possessio-

288 1467 382 1525 nem
406 1445 761 1553 mrtecompletam
774 1450 1074 1557 ‘usucapionem
1103 1478 1198 1531 casu
1219 1453 1388 1555 amittit,
1409 1454 1563 1533 nullam
1591 1456 1662 1537 ha·

164 1609 166 1613 ·
285 1564 378 1645 beat
403 1568 450 1645 in
472 1594 562 1649 rem
587 1566 780 1651 directam
814 1572 1015 1651 actionem
1045 1571 1097 1651 ad
1125 1600 1214 1653 eam
1243 1578 1589 1686 persequendam,
1621 1580 1665 1660 id

286 1686 398 1798 quod
420 1716 515 1769 sane
544 1689 694 1771 durum
715 1689 819 1789 eiat;
841 1692 953 1773 aliud
971 1693 1103 1773 adhuc
1126 1694 1236 1773 bona
1257 1696 1338 1775 fide
1356 1714 1397 1775 et
1413 1698 1521 1805 justo
1541 1701 1662 1781 titulo

283 1810 507 1917 possidenti
537 1812 681 1893 tribuit
709 1815 973 1895 commodum
1003 1818 1207 1895 Punurcrns
1231 1820 1382 1897 Praetor
1401 1829 1427 1923 §
1443 1820 1470 1916 4
1487 1822 1581 1899 lust.
1611 1821 1662 1901 de

283 1936 446 2036 action,
466 1934 602 2017 dando
620 1964 767 2045 nempe
786 1941 842 2041 ei,
860 1940 932 2048 qui
951 1936 1061 2019 boul
1074 1930 1155 2019 fide
1176 1955 1216 2016 et
1235 1938 1344 2046 justo
1366 1941 1661 2048 tituloposses-

246 2135 251 2142 ,
283 2058 439 2137 sionem
466 2061 704 2167 acquisivit,
736 2076 777 2137 et
802 2076 941 2164 postea
974 2078 1066 2138 ante
1095 2061 1339 2169 completam
1371 2063 1662 2171 usucapionem

284 2206 373 2259 eam
398 2210 492 2261 casu
520 2183 684 2279 amittit,
713 2183 915 2263 actionem
947 2186 1113 2261 nomine
1143 2183 1445 2291 publicianam,
1468 2188 1551 2295 qual
1577 2216 1662 2267 me·

283 2302 420 2383 diante
441 2306 739 2413 possessionem
758 2334 874 2385 suam
896 2334 919 2383 a
937 2333 1201 2413 quocumque
1223 2305 1415 2384 debiliori
1434 2308 1555 2386 titulo
1575 2336 1663 2412 pos·

282 2426 440 2506 sidente
453 2436 695 2535 recuperare
707 2444 861 2536 potest3
876 2429 1030 2537 aequius
1044 2429 1155 2508 enim
1166 2444 1227 2507 est
1239 2430 1533 2536 possessionem
1546 2431 1662 2508 resti·

285 2564 399 2627 tuere
409 2551 463 2649 ei,
474 2548 588 2655 cujus
596 2549 661 2656 jus
673 2548 902 2651 fortiusest,
914 2578 1036 2658 quam
1046 2577 1136 2629 eam
1147 2578 1386 2629 conservare
1396 2552 1532 2661 ei,qui
1547 2550 1661 2631 nullo

283 2669 348 2748 vel
376 2669 565 2761 debiliori
589 2670 680 2777 jure
702 2698 790 2749 eam
811 2669 944 2748 habet.
970 2668 1075 2747 illud
1100 2670 1237 2785 itaque
1261 2673 1523 2778 possessionis
1548 2699 1659 2749 com-

278 2790 468 2888 modum,
488 2808 536 2869 ut
559 2790 801 2902 plerumque
820 2793 996 2869 actiones
1016 2793 1236 2897 praetoriae,
1256 2793 1340 2871 sold
1359 2797 1544 2902 aequitate
1566 2791 1660 2871 fun·

277 2910 412 3008 datur,
431 2930 681 3016 quapropter
699 2914 821 2991 etiam
839 2936 924 2989 non
945 2903 1140 3010 competit
1161 2904 1238 2982 nisi
1261 2907 1321 3002 ei,
1346 2915 1419 3015 qui
1437 2916 1657 3013 possessio-

276 3058 370 3109 nem
389 3056 483 3110 casu
506 3028 659 3125 amisit;
676 3055 772 3107 nam
793 3028 827 3108 si
848 3028 929 3105 hoc
947 3024 1099 3105 iactum
1119 3027 1173 3105 sit
1190 3025 1293 3107 iacto
1311 3054 1386 3107 suo
1408 3031 1578 3137 proprio
1594 3032 1659 3112 vel

276 3152 392 3259 culpi
420 3154 512 3253 sud,
545 3179 638 3230 cum
669 3168 768 3230 tunc
798 3149 876 3229 sibi
904 3150 981 3258 ipsi
1009 3150 1209 3257 imputare
1232 3149 1397 3255 debeat,
1411 3152 1540 3262 ·quod
1566 3179 1656 3232 rem

275 3274 386 3353 illam
415 3302 500 3354 non
528 3274 695 3374 habeat,
713 3286 838 3351 cessat
857 3272 1054 3382 aequitatis
1077 3274 1199 3372 ratio,
1221 3273 1276 3353 cb
1295 3302 1418 3386 quam
1441 3276 1478 3353 ei
1494 3277 1654 3355 actione

277 3398 510 3505 publiciani
529 3394 827 3477 succurendum
846 3412 942 3474 erat.
1081 3405 1084 3411 '

340 3642 526 3722 Diximus
550 3658 687 3721 autem
707 3670 717 3721 ε
736 3641 809 3750 qui
828 3638 936 3746 justo
956 3638 1076 3717 titulo
1097 3640 1392 3746 possessionem
1416 3646 1559 3713 nactus
1576 3652 1655 3737 est,

204 3822 206 3828 s
276 3764 619 3874 undequaeritur,
642 3783 783 3845 utrum
805 3792 890 3843 non
912 3760 1102 3861 sufficiat,
1115 3782 1389 3867 possessorem
1406 3782 1495 3837 eam
1515 3759 1654 3867 acqui·

276 3888 413 3966 sivisse
435 3888 557 3968 titulo
580 3890 775 3997 putativo.
804 3890 854 3967 Et
880 3884 1049 3996 quidem
1072 3883 1167 3969 licet
1189 3882 1255 3959 hie
1273 3878 1417 3974 titulus
1440 3879 1491 3959 ad
1512 3908 1655 3960 usuca·

275 4010 439 4117 pionem
462 4015 513 4090 sit
541 4008 743 4093 sufficiens
763 4012 807 4090 L.
835 4009 911 4089 ultj
936 4006 975 4086 ff.
1001 4033 1077 4114 pro
1108 4003 1259 4111 legato,
1286 4030 1377 4095 non
1399 4000 1655 4105 dubitamus,
1778 4088 1784 4106 ,
1897 4056 1906 4071 ·
2003 4049 2010 4060 ·

278 4136 379 4239 quin
399 4132 647 4213 insufficiens
663 4138 734 4228 sit,
754 4151 801 4211 ut
817 4134 936 4210 bonae
955 4130 1051 4209 fidei
1070 4156 1277 4236 possessor
1292 4128 1372 4207 hoc
1390 4129 1652 4234 possessionis

279 4253 493 4332 commodo
517 4252 596 4332 frui
623 4252 752 4333 valeat
776 4255 818 4330 L.
840 4280 880 4348 2,
901 4256 926 4349 §
946 4250 992 4331 16
1012 4249 1051 4327 fl.
1079 4275 1154 4356 pro
1185 4268 1391 4358 emptore;
1416 4271 1508 4325 nam
1537 4232 1651 4353 quoii

277 4372 357 4452 hoc
378 4376 421 4451 in
444 4377 688 4481 usucapione
713 4388 922 4482 receptum
940 4388 1016 4470 est,
1040 4368 1192 4449 factum
1210 4390 1271 4450 est
1289 4386 1429 4447 contra
1450 4368 1650 4448 rationem

276 4493 402 4604 juris,
425 4496 495 4576 sed
520 4524 609 4608 quae
639 4514 779 4577 contra
799 4496 996 4575 rationem
1015 4492 1116 4599 juris
1135 4510 1294 4602 recepta
1316 4506 1431 4590 sunt,
1454 4516 1538 4568 non
1558 4516 1651 4597 pos-

1446 4639 1480 4708 9.
