4517 5867
616 628 679 731 ,36
933 628 1149 701 ANDREAE
1172 624 1345 701 COHEN
1368 626 1658 699 snonnsln

632 836 790 923 pressus
821 823 881 889 est
906 824 946 887 et
972 809 1016 887 in
1034 807 1203 913 longum
1221 808 1466 908 extenditur,
1485 822 1606 915 caput
1621 805 1699 885 ‘uui
1720 802 1881 885 alterive
1901 830 1992 889 sca·

631 931 735 1043 puta
747 928 966 1031 incumbit,
981 946 1022 1009 et
1036 928 1309 1009 musculorum
1320 927 1507 1007 debilitas
1523 925 1770 1037 quandoque
1786 942 1895 1007 tanta
1912 948 1990 1028 est,

632 1068 680 1133 ot
708 1076 854 1159 corpus
883 1068 1103 1132 sustentare
1132 1077 1215 1131 uon
1235 1049 1406 1159 amplius
1427 1050 1608 1149 valeant,
1630 1064 1672 1127 et
1688 1045 2020 1154 sedere-cogant?

634 1172 850 1254 bosniuem.
871 1174 953 1275 Qui
968 1174 1026 1253 ira
1044 1172 1207 1278 flagrat,
1218 1170 1392 1252 frontem
1406 1170 1529 1251 habet
1541 1168 1656 1251 valde
1668 1185 1870 1275 rugatam,
1883 1170 1995 1279 plico
2123 1207 2127 1217 ·

633 1294 781 1377 dantur
812 1297 917 1375 inter
945 1294 1182 1403 supercilia,
1210 1292 1317 1374 oculi
1347 1291 1480 1401 jactati
1504 1308 1616 1386 sunt,
1649 1308 1785 1371 motus
1815 1295 1996 1400 corporis

632 1416 817 1516 violenti,
839 1414 980 1495 dentes
1001 1414 1196 1507 strident,
1218 1429 1259 1490 et
1279 1413 1555 1491 musculorum
1579 1414 1687 1493 vires
1704 1414 1869 1494 insuetas
1883 1428 1994 1515 sunt,

634 1534 912 1642 duplicantur,
934 1534 1188 1640 triplicantur
1213 1546 1255 1610 et
1280 1529 1539 1611 determinari
1559 1550 1778 1642 nequeunt

686 1756 822 1839 Morbi
840 1755 991 1867 quibus
1017 1756 1095 1837 hoc
1115 1748 1288 1863 systema
1309 1754 1466 1837 dedunt
1483 1758 1604 1836 animi
1624 1758 1870 1862 patbemata,
1894 1776 1996 1839 sunt

634 1897 850 1981 memores,
872 1878 1174 1979 convulsiones,
1201 1894 1361 1957 tetanos
1389 1906 1435 1953 ac
1456 1872 1656 1981 paralysis.

685 2104 777 2180 Vox
797 2100 840 2176 iu
867 2098 1010 2177 ordine
1032 2098 1213 2204 seponit
1233 2124 1326 2177 cum
1352 2113 1563 2205 systemate
1587 2097 1811 2180 musculari.
1831 2100 1880 2178 ln
1901 2086 1997 2181 tris·

637 2221 725 2301 titia
741 2246 822 2299 vox
847 2235 907 2298 est
928 2218 1118 2316 demisse,
1140 2236 1317 2300 tremens
1338 2235 1381 2298 et
1402 2217 1686 2327 querebuuda,
1710 2218 1871 2331 loquela
1890 2220 2001 2303 le'nta

639 2359 722 2441 est;
742 2341 939 2450 suspiriis,
958 2338 1056 2421 fletu
1079 2357 1120 2420 et
1136 2341 1317 2447 singultu
1333 2342 1548 2420 innotescit
1560 2338 1728 2449 affectus
1740 2342 1819 2423 ille.
1834 2346 1883 2423 In
1899 2370 1999 2449 gau·

635 2461 704 2540 dio
730 2488 812 2541 vox
835 2478 897 2541 est
918 2459 1020 2540 clara
1045 2477 1085 2540 et
1109 2462 1261 2557 suavis,
1289 2460 1400 2569 quod
1428 2463 1549 2540 etiam
1574 2464 1619 2539 in
1642 2490 1781 2541 amore
1806 2464 2000 2543 observa·

632 2600 716 2679 tur;
736 2584 908 2661 cantatio
932 2582 1038 2661 illius
1058 2607 1193 2659 comes
1213 2596 1282 2658 est
1296 2582 1344 2657 In
1359 2596 1473 2660 metu
1483 2580 1660 2657 balbutit
1677 2580 1835 2676 lingua,
1855 2600 1896 2660 et
1913 2610 1998 2662 vox

634 2702 815 2780 faucibus
829 2701 972 2787 wat,
991 2698 1284 2769 monumen
1297 2698 1520 2793 magnit
1540 2717 1662 2798 saepe;
1691 2693 1734 2770 in
1762 2695 1822 2772 ira
1840 2722 1919 2776 vox
1937 2717 2003 2780 est

637 2844 792 2928 aspera,
816 2810 913 2911 alta,
936 2807 1129 2907 clamans,
1152 2807 1379 2916 inaequalis,
1399 2812 1623 2893 intermissa
1642 2812 1706 2895 vel
1725 2814 1922 2900 deficiens.
1991 2898 1997 2913 ,

687 3023 916 3133 Apboniam
935 3016 1141 3100 interdum
1162 3014 1420 3101 adduxerunt
1438 3001 1604 3103 fortiora
1620 3027 1744 3103 animi
1761 3029 2000 3147 pathemata.

687 3228 865 3313 Allectus
895 3230 1020 3309 animi
1053 3254 1199 3309 somno
1230 3254 1376 3337 parum
1402 3229 1565 3311 lavent:
1593 3235 1690 3342 quia
1716 3235 1929 3318 cerebrum
1954 3240 2001 3319 in

637 3371 742 3437 statu
772 3352 1020 3433 oscitationis
1050 3366 1212 3453 tenent,
1236 3376 1381 3444 somno
1411 3354 1630 3434 contrariae.
1658 3358 1884 3465 Proprietas
1905 3359 1999 3459 illa,

637 3474 858 3583 praesertim
883 3470 1153 3553 excitantibus
1179 3470 1388 3563 aflectibus
1412 3476 1516 3555 inest
1530 3505 1546 3588 .²
1567 3477 1662 3586 quia
1682 3479 1851 3560 incitant
1870 3482 1999 3560 circu·

570 3690 574 3701 Ι
636 3594 848 3693 lationem,
871 3612 912 3676 et
926 3593 1121 3702 majorem
1138 3591 1332 3687 effluxum
1350 3621 1490 3689 versus
1509 3613 1629 3704 caput
1643 3601 1848 3705 sanguinis
1864 3600 1995 3707 deter-

636 3714 801 3805 minant
826 3717 936 3795 Inter
956 3714 1226 3823 deprimentes
1247 3714 1408 3796 tristitia
1425 3717 1517 3824 plus
1535 3719 1718 3799 minusve
1742 3719 1917 3824 disponit
1942 3717 1997 3797 ad

637 3856 825 3935 somnum
850 3836 978 3941 aquia
1007 3852 1216 3939 torporem
1248 3836 1551 3918 inlert'viribus
1579 3838 1764 3917 vitalibus
1773 3886 1787 3935 ‚-
1808 3857 1883 3915 nec
1909 3864 1997 3918 non

639 3953 889 4035 circulatioui
912 3953 1137 4059 sanguinis,
1160 3984 1244 4065 quo
1265 3957 1311 4035 fit
1330 3972 1376 4035 ut
1393 3956 1605 4035 cerebrum
1625 3957 1758 4036 minus
1783 3957 1992 4055 incitetur,

636 4104 777 4163 seusus
794 4078 1166 4203 externi'torpeant,
1187 4092 1229 4155 et
1246 4072 1463 4155 cerebrum
1480 4074 1613 4179 ipsum
1628 4071 1865 4178 languescat

691 4284 738 4361 In
771 4258 978 4365 affectibus
1007 4284 1191 4364 tristibus
1223 4300 1264 4362 et
1295 4280 1451 4385 frigidis
1479 4278 1605 4379 homo
1635 4287 1914 4393 perceptiones
1935 4286 1999 4368 in·

638 4417 769 4509 ‚gratas
790 4404 966 4523 internas
996 4403 1047 4485 ad
1068 4402 1266 4485 exteriora
1290 4429 1435 4483 vocare
1459 4421 1627 4485 conatur
1648 4431 1724 4512 per
1744 4406 1904 4527 dolores
1925 4394 1997 4516 qui
