4517 5867
507 588 749 673 nnsrdusto
776 600 838 669 an
860 568 1166 687 Qunsrtcunu
1190 601 1430 675 rsrsrmu
1633 606 1659 696 9

288 814 556 895 demonstrare
572 810 719 921 incepit
729 810 983 919 phaenomena
998 808 1199 919 galvanica
1213 826 1252 890 et
1266 810 1443 891 electrica
1459 815 1508 893 ab
1523 817 1658 896 eadem

195 954 201 961 '
287 966 400 1017 causa
426 934 612 1046 pendere,
637 934 928 1045 discrimenque
955 933 1084 1015 solum
1107 934 1235 1013 inesse
1259 934 1301 1013 in
1324 934 1476 1013 ratione
1502 936 1659 1017 diversa

279 1073 365 1168 ‘qua
392 1060 585 1140 excitetur
615 1074 654 1138 et
681 1058 847 1139 ducatur
881 1057 1123 1138 electricitas.
1154 1058 1230 1139 Cui
1262 1058 1423 1139 demum
1456 1060 1659 1137 sententiae

287 1210 414 1290 quum
431 1182 594 1293 plurimi
613 1184 770 1291 physici
788 1182 1109 1280 adversarentur,
1128 1210 1213 1263 sese
1231 1176 1662 1287 contiuuoconierebat

287 1302 339 1382 ad
360 1330 482 1385 novas
504 1305 562 1385 rei
580 1304 876 1425 declarationes,
900 1302 1046 1419 qutibus
1069 1304 1284 1415 perductus
1307 1307 1349 1386 in
1367 1322 1573 1418 posterum
1597 1328 1663 1383 co-

289 1424 467 1503 lumnam
487 1427 734 1537 excogitavit.

341 1630 468 1714 Grave
487 1628 653 1715 feliciter
671 1630 888 1717 admodum
910 1632 1062 1719 invenit
1074 1635 1118 1717 in
1132 1652 1316 1718 contactu
1333 1635 1520 1718 binorum
1534 1635 1662 1715 metal

286 1752 418 1833 lorum
442 1754 792 1869 combustibilitate
814 1757 1084 1841 diversissima
1102 1788 1248 1869 aquam
1270 1760 1530 1869 decomponi:
1555 1759 1663 1867 quod

282 1871 392 1955 idem
410 1877 628 1991 eodemque
646 1898 825 1990 tempore
842 1880 1069 1967 observavit
1086 1885 1209 1984 Ascla,
1233 1908 1359 1994 quum
1377 1874 1664 1965 animadverte

287 2013 368 2096 ret,
393 2016 576 2087 contactu
609 2003 712 2083 iuter
741 2004 908 2085 laminas
935 2023 1140 2116 argenteas
1168 2023 1208 2088 et
1230 2006 1404 2087 zinoinas
1425 1994 1664 2088 madefactas

285 2123 485 2229 posterius
511 2125 588 2207 hoc
614 2126 819 2207 metallum
846 2125 1010 2207 oxidari.
1039 2130 1156 2207 Tunc
1183 2144 1346 2208 exortus
1370 2144 1446 2226 est,
1478 2126 1665 2234 plurimis

288 2242 483 2325 institutis
499 2249 779 2353 experimentis
801 2248 1087 2355 plurismisqus
1104 2248 1277 2329 inventis
1303 2248 1474 2355 peractis
1493 2246 1665 2347 celeber,

289 2364 345 2445 ill.
364 2366 510 2467 Ritter,
528 2384 655 2449 morte
672 2368 776 2478 proh
794 2368 927 2449 dolor!
946 2378 1108 2478 ereptus
1130 2394 1224 2448 cum
1240 2366 1468 2477 disciplinas
1489 2369 1668 2451 excolere

287 2484 496 2594 inciperet,
525 2518 643 2599 quem
679 2492 802 2573 studii
828 2492 948 2572 ardor
976 2491 1222 2599 consumpsit
1248 2491 1366 2570 sicuti
1383 2507 1423 2569 et
1441 2493 1666 2571 Gertanner

147 2620 154 2633 '
289 2629 599 2718 consumpserat.
614 2611 766 2694 Deinde
783 2641 881 2695 vcro
898 2614 993 2695 Kok
1006 2631 1045 2697 et
1063 2615 1153 2694 Van
1161 2614 1277 2694 Mons
1295 2612 1337 2694 in
1351 2613 1480 2695 lucem
1498 2612 1666 2694 ederunt

286 2746 594 2819 numerosorum
611 2734 965 2842 phaenomenorum
978 2764 1194 2834 summm,
1207 2735 1312 2817 inter
1334 2764 1423 2846 quaa
1443 2753 1579 2817 notata
1605 2752 1668 2816 est

289 2855 741 2951 constructiosjusmodi
760 2860 954 2941 columnas
971 2888 1046 2970 ope
1064 2862 1350 2942 elementorum
1370 2859 1667 2953 galvanioorum

291 2969 599 3077 duplicatorum,
622 2966 1009 3070 conductoribusque
1029 2965 1207 3041 humidis
1224 2964 1394 3043 dirersis
1417 2966 1669 3077 interposito-

292 3118 400 3187 rum,
421 3116 513 3199 quao
527 3086 721 3169 maximas
740 3085 1024 3169 commotiones
1042 3081 1295 3192 producebat.
1318 3086 1414 3166 Haec
1429 3106 1564 3171 autem
1581 3120 1667 3173 om-

292 3214 359 3293 nia
373 3209 660 3321 peragebantur
678 3226 718 3289 et
735 3209 778 3289 in
794 3208 924 3289 lucem
942 3206 1176 3315 prodierunt
1192 3221 1284 3286 ante
1301 3204 1420 3287 finem
1437 3215 1529 3293 anni
1553 3214 1665 3324 179&

294 3339 411 3416 Anno
422 3330 663 3431 1800,Volta
672 3332 824 3412 invenit
832 3330 1034 3441 egregium
1046 3329 1161 3410 illum
1169 3334 1666 3439 apparatum,quiomnem

295 3456 459 3539 chemiae
475 3453 757 3564 philosophicae
774 3452 914 3533 facicm
931 3452 1168 3531 immutavit.
1188 3452 1314 3557 Cujus
1330 3452 1482 3534 inventi
1500 3454 1668 3564 descrip-

295 3580 351 3658 tio
368 3580 409 3659 in
428 3576 746 3685 ephemeridibus
764 3574 950 3656 chemicis
968 3588 1008 3653 et
1018 3574 1199 3682 physicis
1215 3574 1336 3681 hujus
1353 3575 1525 3687 regionis
1542 3578 1668 3686 publi·

295 3698 469 3783 sabatur.
487 3701 545 3779 Eo
563 3700 654 3780 inde
678 3716 856 3809 tempore
870 3695 1027 3777 animus
1049 3696 1311 3805 physicorum
1329 3725 1416 3778 sese
1433 3699 1600 3777 contulit
1616 3702 1667 3782 ad

295 3823 414 3931 hujus
432 3822 625 3907 columna
636 3820 829 3919 studium,
848 3846 1034 3928 quaeuna
1052 3818 1230 3899 fereerat
1246 3835 1285 3898 et
1296 3820 1477 3902 machina
1489 3818 1668 3902 electrica
1706 3903 1710 3911 ,

297 3962 511 4051 spontanea
540 3961 579 4023 et
606 3945 743 4054 lagena
771 3942 954 4023 leidensis
983 3967 1053 4049 per
1086 3968 1128 4019 se
1160 3940 1289 4047 ipsam
1317 3966 1404 4018 sese
1432 3966 1599 4021 onerans
1613 3959 1667 4021 et

222 4138 227 4153 ,
297 4066 456 4147 tandem
473 4065 716 4147 validissima
732 4064 798 4147 via
810 4063 966 4145 directae
978 4058 1339 4167 decompositionis,
1357 4087 1435 4168 qua
1460 4060 1669 4171 hucusque

300 4186 453 4267 chemia
464 4214 537 4269 usa
549 4204 619 4266 est.
631 4185 1014 4295 Deoompositionsm
1031 4198 1165 4262 autem
1181 4174 1562 4291 directam-intelligo
1579 4210 1668 4262 eam

302 4332 392 4415 quae
404 4302 570 4385 efficitur
588 4308 789 4423 nullo,alio
802 4334 965 4414 corpore
983 4302 1196 4402 mediante,
1213 4303 1282 4384 sed
1299 4305 1386 4384 sola'
1398 4304 1441 4383 vi
1457 4304 1670 4383 amotionis
1778 4299 1796 4323 ⁹

303 4426 477 4525 salorioi,
497 4426 604 4539 quod
621 4426 827 4512 ox'idorum
846 4428 1025 4511 omnium
1039 4423 1275 4524 reductioni,
1292 4424 1549 4533 omniumque
1566 4451 1670 4505 oom-

188 4552 197 4561 .
471 4550 533 4621 m·
1466 4570 1491 4627 a
1533 4551 1535 4555 ,
