4517 5867
600 563 675 638 ussb
767 592 773 622 .
800 574 829 596 ·’
961 551 1109 624 PETRI
1132 548 1228 620 Jos-
1252 547 1358 616 VAN
1380 543 1483 620 BER
1503 547 1606 622 Tott

605 741 709 840 Quae
719 737 776 816 sic
788 731 873 812 fers
884 727 1192 810 nobisservuvit
1209 727 1354 806 Tnnou
1368 722 1620 832 Sophists(1)
1633 739 1676 806 et
1687 726 1732 806 in
1743 753 1859 810 suum
1872 729 1968 814 Col-

600 860 829 956 lectionem·
838 853 976 932 retulit
990 851 1109 930 Huco
1127 849 1303 930 Gnonus
1321 849 1388 954 (2).
1407 850 1614 927 Postremo
1627 849 1792 931 tandem
1805 851 1967 934 Cicero-

608 985 671 1065 sis
689 981 841 1063 dictum
860 973 1040 1083 expediri
1060 987 1195 1081 potest
1213 997 1263 1050 ex
1287 969 1437 1076 placito
1457 967 1529 1049 illo
1550 971 1813 1080 antiquorum
1836 974 1967 1080 philo-

600 1101 853 1210 sophorum,
873 1099 1052 1186 animum
1070 1093 1293 1179 humanum
1309 1093 1386 1170 Dei
1404 1117 1489 1172 esse
1502 1109 1714 1199 pertenet
1729 1119 1843 1174 exeo
1856 1099 1971 1203 qussi

608 1241 787 1308 mentem
805 1219 1028 1308 defluxisse
1050 1215 1169 1298 Unde
1192 1213 1436 1321 C1cmo(3):
1460 1214 1706 1296 ellumuuus
1726 1231 1862 1294 autem
1883 1217 1969 1294 eni-

626 1422 640 1547 {
655 1461 703 1555 (ι)
727 1460 767 1531 ι..
783 1427 1080 1552 essgymnasmm.
1099 1473 1175 1542 pag.
1194 1453 1249 1519 so.
1270 1451 1347 1518 ssu.
1370 1448 1553 1518 cameraris
1569 1451 1667 1517 mn.
1693 1451 1786 1518 1541.
1807 1475 1881 1540 pag.
1911 1405 1965 1539 79.

610 1566 688 1629 edit.
702 1563 853 1628 Leidens.
869 1558 944 1626 Vid.
960 1573 1071 1625 tamen
1085 1562 1126 1625 de
1138 1560 1203 1626 hoc
1216 1581 1313 1625 versu
1325 1559 1416 1624 Lun.
1430 1555 1534 1623 Cnse-
1549 1557 1827 1624 Vnsmmws
1842 1559 1876 1624 id
1892 1559 1967 1624 Diu-

602 1669 697 1766 'tribe
710 1663 905 1756 Euripidell,
920 1686 994 1754 pag.
1008 1663 1083 1730 238.

654 1819 702 1908 (2)
725 1796 916 1908 Exime
931 1787 1075 1923 erigus
1091 1816 1322 1907 cmoupag.
1343 1814 1420 1902 429.
1439 1812 1539 1880 conf.
1561 1813 1746 1897 souma,
1767 1779 1970 1909 nemque}

611 1947 667 1988 sur
679 1923 817 1988 Cice'ron
832 1919 1082 2009 (Tusculanesi.
1100 1921 1168 2008 26.)
1179 1944 1254 2010 pag.
1271 1919 1347 1985 204.
1363 1919 1479 1984 Simile
1496 1929 1543 1984 est
1555 1918 1743 1986 Menandri
1756 1919 1793 1982 iu
1807 1919 1969 2006 Adelphis

610 2029 700 2116 apud
713 2027 890 2093 Jusmnun
901 2025 949 2092 De
963 2019 1154 2094 M‘ouarchit
1167 2022 1228 2090 Dei
1244 2045 1318 2114 pag.
1336 2045 1409 2111 1⁰9·
1424 2023 1465 2088 A.

1166 2184 1229 2246 016<
1242 2187 1278 2244 tes
1289 2187 1340 2246 τοῖς
1350 2188 1447 2255 mesic
1457 2184 1496 2238 tut

928 2273 1011 2344 ὁνοῦς
1024 2273 1073 2354 ἄρ’,
1085 2283 1116 2342 ὥς
1129 2286 1204 2344 isses,
1215 2283 1264 2339 τοῖς
1275 2281 1435 2349 smirne.

536 2499 541 2510 ¹
611 2391 779 2520 Ejusdem
795 2371 884 2506 apud
900 2415 1148 2519 Pmmnucnun
1165 2416 1203 2482 in
1216 2414 1389 2480 Platonicis
1408 2416 1543 2504 Quaestt.
1562 2437 1637 2504 pag.
1652 2435 1727 2502 909.
1745 2413 1785 2482 Ε.
1805 2416 1902 2487 Tum.
1924 2417 1964 2485 V.

611 2547 685 2614 pag.
699 2523 751 2590 68.
766 2519 943 2610 Wyttenb.

928 2676 1245 2756 densissimum:

611 2817 662 2886 td
673 2817 762 2905 quod
779 2815 1005 2906 fragmentum
1021 2819 1087 2884 vid.
1101 2819 1156 2884 io.
1172 2815 1348 2884 Cmntcus
1368 2818 1406 2884 in
1419 2815 1594 2886 Menandri
1608 2827 1641 2883 et
1653 2813 1857 2882 Philemonis
1869 2817 1966 2884 lleli-

610 2924 715 3013 quiis,
729 2947 803 3014 pag·
820 2921 894 2988 268.
908 2921 1065 2988 Confessi
1078 2923 1178 2988 etium
1193 2935 1299 3012 potest
1311 2923 1512 2990 Hmttocme
1526 2925 1567 2990 nl
1581 2923 1687 2990 Aurea
1698 2914 1874 3010 (immine,
1887 2949 1964 3014 peg.

612 3027 666 3093 24.
680 3029 730 3094 ed.
746 3025 923 3092 Needham.
940 3019 1047 3112 Ψυχῆς
1057 3013 1279 3115 uuiapstcbinsu
1290 3029 1453 3116 oirnlsspss
1461 3029 1507 3094 ἐπὶ
1516 3041 1569 3116 γῆς
1579 3027 1638 3104 θεὸς
1647 3023 1697 3092 οὐκ
1706 3026 1778 3114 ἔχει.

655 3177 703 3268 (3)
727 3179 874 3244 Tusculi.
888 3178 1031 3268 Disputt.
1045 3177 1119 3244 Lib.
1131 3179 1173 3247 V.
1184 3199 1256 3269 esp.
1272 3179 1324 3245 13.
1335 3179 1421 3245 Sunt
1430 3191 1541 3246 eutem
1551 3179 1652 3245 multi
1662 3190 1820 3270 preterea
1829 3181 1886 3246 alii
1901 3181 1967 3248 loci

608 3282 818 3366 conferendi,
833 3281 896 3346 ubi·
903 3280 1017 3348 Cicero
1027 3283 1181 3349 animum
1194 3296 1268 3350 tum
1281 3285 1391 3350 Deum
1404 3295 1479 3350 tum
1492 3279 1655 3350 Divinum
1667 3297 1851 3374 nuncupat.
1862 3283 1915 3351 sis
1928 3288 1965 3351 in

608 3389 795 3478 fragmento
805 3387 923 3478 'l'imaei
934 3387 1014 3478 Cap.
1023 3386 1056 3452 8.
1072 3389 1254 3454 «Animum
1264 3390 1380 3478 igitur,
1391 3413 1470 3456 cum
1480 3391 1537 3455 ille
1546 3401 1738 3478 procreetur
1748 3391 1867 3456 mundi
1876 3391 1963 3456 Deus

607 3517 651 3560 ex
660 3496 718 3560 sub
728 3505 838 3560 mente
849 3505 880 3558 et
890 3485 1058 3558 divinitate
1068 3495 1243 3580 genuisset,
1253 3507 1339 3560 etc.»
1353 3491 1402 3560 De
1412 3495 1557 3562 Divinet.
1569 3494 1644 3559 Lib.
1656 3495 1683 3558 Ι.
1698 3517 1770 3582 cap.
1782 3489 1837 3581 49.
1853 3493 1900 3560 «A
1910 3519 1963 3562 nu·

609 3597 683 3662 tart
697 3597 864 3679 Deorum,
878 3609 916 3660 ut
933 3597 1124 3666 doctissimis
1142 3601 1452 3688 sapientissimisque
1465 3595 1611 3691 placuit,
1632 3601 1766 3665 haustos
1785 3600 1912 3664 animos
1930 3612 1963 3663 et

608 3701 724 3766 libutus
742 3701 940 3767 hebemus.'n
961 3703 1009 3768 De
1022 3701 1048 3768 F
1050 3703 1134 3770 inib.
1153 3705 1227 3770 Lib.
1242 3705 1285 3771 Il.
1300 3727 1372 3794 cap.
1388 3703 1443 3772 34.
1461 3705 1596 3771 «Deum
1608 3728 1644 3770 se
1658 3702 1811 3770 adbibere
1829 3713 1960 3787 testem,
2007 3734 2017 3742 ·

607 3807 643 3871 id
656 3817 726 3889 est,
742 3819 781 3870 ut
796 3807 939 3872 arbitror
954 3853 964 3892 ,
983 3820 1130 3874 mentem
1144 3832 1254 3894 susm,
1270 3833 1336 3898 que
1350 3812 1438 3877 nihil
1453 3811 1586 3878 homini
1601 3811 1690 3878 dedit
1708 3809 1794 3873 Deus
1816 3805 1884 3894 ipse
1902 3809 1961 3873 di-

607 3909 752 3976 vinius.»
770 3909 917 3978 Tusculi.
934 3911 1078 4004 Disputt.
1090 3915 1164 3980 Lib.
1176 3916 1204 3979 l.
1217 3937 1290 4004 esp.
1304 3917 1358 3982 26.
1370 3915 1418 3983 De
1428 3915 1501 3982 Nat.
1515 3915 1614 3983 Deor.
1627 3915 1700 3981 Lib.
1711 3912 1767 3977 ΠΙ.
1778 3933 1850 4002 cap.
1867 3914 1899 3978 5.
1910 3913 1967 3988 lle¹

607 4013 748 4104 Legibus
766 4017 839 4084 Lib.
852 4018 879 4082 l.
890 4039 961 4108 esp.
980 4021 1088 4106 m.§s
1104 4031 1138 4084 et
1151 4019 1182 4085 8.
1196 4017 1294 4086 conf.
1311 4019 1463 4086 Ovmms
1473 4022 1511 4087 in
1524 4023 1627 4092 Fastis
1637 4020 1693 4092 vl.
1703 4037 1737 4090 t·
1752 4007 1785 4085 6.

842 4167 895 4231 Est
907 4172 984 4233 Deus
995 4173 1027 4233 in
1038 4171 1138 4251 nobis,
1152 4172 1279 4256 agitems
1291 4171 1457 4236 mlescimsss
1469 4173 1536 4236 illo:

844 4268 971 4350 Impetus
981 4267 1030 4332 hic
1040 4290 1124 4334 seem
1133 4273 1358 4334 musaeum
1366 4271 1465 4334 heles.

650 4407 741 4476 imm
752 4410 787 4476 in
802 4413 842 4478 A.
854 4415 895 4479 A.
907 4415 980 4482 Lib.
995 4411 1053 4480 Ill.
