4517 5867
617 609 665 703 96
1003 612 1162 686 FRANC.
1186 608 1276 680 JAC.
1301 603 1589 677 scnotsstnr

618 810 790 891 sessorio
810 835 862 888 ne
880 806 1047 888 titulum
1065 806 1235 916 quidem
1247 830 1329 886 suae
1343 797 1604 911 possessionis
1614 806 1774 874 tenetur
1791 791 1986 900 probare.

620 933 771 1013 Eddem
792 932 874 1013 sere
895 931 1050 1011 ratione
1070 931 1237 1013 interest
1254 915 1410 1010 domini
1428 917 1647 1041 aliquando
1666 916 1823 995 actione
1842 918 1985 1023 publi-

620 1055 732 1133 ciani
749 1055 826 1155 uti,
840 1054 951 1164 quia,
971 1055 1097 1162 siper
1115 1079 1205 1132 eam
1224 1052 1455 1132 necessitate
1474 1039 1693 1124 exhibendi
1711 1038 1881 1118 titulum
1900 1068 1990 1119 non

620 1174 1062 1284 solvitur,dispensatur
1070 1167 1589 1286 saltemaprobatione,qui
1597 1164 1757 1243 firmare
1765 1178 1993 1266 teneretur,

621 1296 734 1407 quod
755 1298 809 1402 is,
827 1326 877 1379 ex
898 1326 982 1410 quo
1000 1298 1142 1381 titulus
1161 1326 1259 1380 suus
1279 1312 1457 1397 emanat,
1475 1307 1578 1383 esset
1595 1287 1788 1368 dominus
1806 1288 1876 1366 rei.

672 1540 857 1618 Tertium
887 1536 1051 1617 tandem
1079 1537 1197 1616 bonae
1221 1535 1316 1615 fidei
1346 1532 1607 1642 possessionis
1626 1530 1886 1612 commodum
1908 1550 1994 1630 est,

621 1658 735 1769 quod
760 1658 954 1737 fructusa
974 1659 1062 1737 solo
1080 1674 1285 1767 separatos
1304 1656 1420 1735 faeiat
1442 1653 1681 1764 possessoris
1703 1655 1791 1732 siue
1823 1651 1997 1734 distine-

621 1781 754 1884 tione,
773 1806 824 1859 an
844 1778 925 1860 sint
945 1778 1099 1863 fructus
1119 1780 1322 1861 naturales
1339 1806 1392 1857 an
1415 1803 1513 1860 vero
1536 1774 1789 1857 industriales
1814 1793 1886 1855 art.
1911 1776 1996 1883 549

622 1898 721 1981 Cod.
734 1899 837 2000 civ,
856 1903 938 2003 cui,
952 1929 1046 1982 cum
1064 1900 1219 1981 nullam
1239 1902 1346 1981 inter
1365 1900 1520 1981 fructus
1538 1898 1836 1978 distinctionem
1854 1896 1993 1995 faciat,

621 2022 856 2129 applicanda
873 2038 934 2103 est
948 2023 1086 2127 regula
1106 2051 1116 2100 ι
1134 2022 1210 2101 ubi
1228 2022 1293 2101 lex
1313 2050 1398 2100 non
1418 2021 1651 2129 distinguit,
1667 2049 1741 2101 nec
1753 2048 1830 2100 nos
1843 2019 1993 2101 distin·

615 2170 740 2249 gnere
760 2143 966 2224 debemus.
986 2144 1071 2221 Nec
1092 2142 1319 2253 quidquam
1338 2145 1507 2252 interest
1519 2144 1591 2224 bac
1612 2145 1656 2223 in
1675 2159 1789 2252 parte
1806 2142 1911 2221 inter
1925 2140 1994 2247 jn·

619 2262 773 2339 dicium
793 2262 1020 2341 universale
1052 2266 1261 2369 petitionis
1290 2263 1529 2345 hereditatis
1559 2281 1600 2345 et
1625 2263 1998 2365 reivindicationis,

619 2380 769 2480 idest,
799 2382 906 2461 inter
931 2383 1050 2463 bonae
1074 2384 1169 2464 fidei
1197 2412 1469 2491 possessorem
1495 2388 1554 2463 rei
1574 2384 1790 2489 singularis
1808 2401 1851 2462 et
1877 2385 2000 2463 bonae

620 2502 715 2581 fidei
726 2530 997 2611 possessorem
1014 2505 1394 2601 haereditatis3nam,
1405 2506 1480 2585 etsi
1497 2531 1546 2582 ex
1564 2506 1587 2581 J
1589 2530 1660 2581 ure
1679 2506 1889 2582 communi
1903 2531 1998 2609 pos·

620 2650 749 2703 sessor
785 2624 1053 2729 baereditatis,
1081 2652 1176 2704 cum
1212 2625 1316 2701 desit
1351 2623 1430 2729 ipsi
1463 2620 1630 2719 titulus,
1660 2646 1801 2701 omnes
1833 2620 1995 2702 fructus

621 2744 830 2823 restituere
853 2743 1042 2838 deberet,
1061 2746 1185 2832 etiam
1205 2759 1470 2848 consumptos
1493 2770 1543 2821 ex
1569 2740 1721 2852 quibus
1745 2741 1996 2848 locupletior

620 2862 748 2943 factus
757 2874 829 2960 est,
836 2858 880 2935 L.
896 2882 911 2933 1
925 2856 970 2937 C.
985 2855 1036 2935 de
1049 2856 1161 2961 petit.
1172 2853 1317 2934 haered
1327 2859 1371 2937 L
1383 2887 1457 2959 ao,
1471 2865 1499 2958 ᾗ
1512 2862 1538 2943 3
1551 2861 1593 2940 ll.
1605 2863 1709 2964 eod,
1720 2864 1820 2941 item
1830 2879 1903 2941 art
1913 2860 1994 2943 550

623 2982 723 3065 Cod.
746 2980 832 3063 civ.
843 3034 855 3077 ,
866 2974 1016 3055 decidit
1033 2990 1103 3053 art.
1123 2972 1196 3057 138
1215 2976 1315 3055 Cod.
1337 2978 1422 3055 Civ.
1435 3035 1446 3072 ,
1461 2983 1582 3053 bonae
1601 2984 1696 3053 fidei
1716 3001 1993 3082 possessorem

621 3098 864 3183 haereditatis
874 3120 1015 3175 omues
1024 3092 1178 3175 fmetm
1188 3093 1314 3175 facere
1322 3123 1428 3177 suos.
1439 3096 1525 3175 Nec
1534 3095 1909 3203 obstat,qnoddict
1919 3114 1993 3178 art.

621 3222 814 3330 loquatur
824 3218 876 3297 de
885 3216 1117 3298 haereditate
1128 3214 1181 3297 ad
1188 3216 1395 3298 absentem
1404 3220 1651 3326 pertinente3
1661 3245 1756 3298 nam
1769 3246 1820 3298 ea
1837 3248 1929 3329 qnae
1941 3219 1994 3301 de

620 3340 741 3424 bonae
771 3339 867 3421 fidei
893 3365 1123 3448 possessore
1151 3337 1393 3419 baereditatis
1426 3340 1479 3420 ad
1513 3338 1723 3421 absentem
1754 3343 1994 3448 pertinentis

624 3462 831 3565 obtinent,
856 3488 1022 3573 quoque
1050 3458 1236 3540 obtinere
1256 3459 1408 3539 debent
1432 3458 1485 3539 de
1513 3461 1636 3540 bonae
1661 3459 1757 3540 fidei
1785 3490 1992 3569 possesore

623 3579 864 3663 hereditatis
882 3582 935 3662 ad
958 3581 1168 3663 absentem
1185 3606 1270 3660 non
1298 3581 1554 3687 pertinentis,
1572 3607 1621 3659 eo
1644 3581 1758 3690 quod
1775 3582 1881 3661 inter
1900 3582 1988 3659 illos

624 3725 872 3811 possessores
880 3700 993 3779 nulla
1003 3700 1246 3809 disparitatis
1263 3704 1364 3781 ratio
1384 3702 1546 3783 exsistit.
1560 3702 1666 3783 Hinc
1678 3701 1827 3781 reflecti
1837 3715 1988 3806 potest,

624 3816 1989 3932 articulumbboCod.Civ.,quiexprincipiistitulumrequiritexcep·

625 3945 780 4026 tionem
804 3944 887 4051 pati
908 3942 953 4021 in
973 3938 1257 4039 art.138;nec
1281 3961 1342 4023 est
1366 3944 1427 4024 ibi
1450 3942 1547 4053 quid
1571 3942 1686 4038 novi,
1714 3965 1806 4020 nam
1834 3940 1914 4028 hoc
1943 3959 1985 4025 et
2109 3943 2111 3946 ’

627 4065 726 4148 olim
748 4068 805 4147 sic
829 4092 871 4147 se
891 4050 1090 4169 babebat,
1115 4079 1163 4145 ut
1181 4080 1351 4147 testatur
1372 4067 1601 4147 Srocuusns
1621 4068 1641 4167 l
1661 4062 1693 4163 l.

669 4341 718 4428 (ι)
735 4343 842 4411 Deoia
862 4366 914 4432 ²7·
