4517 5867
880 568 1081 637 ouarto.
1127 536 1130 543 ’
1617 535 1660 641 ti

301 760 482 843 coalescit
498 757 659 868 publica
676 759 937 867 prosperitas,
956 761 989 839 si
1009 758 1109 841 hanc
1126 757 1346 865 disciplina
1365 763 1566 843 naturales
1584 777 1666 843 ta'n·

298 899 436 989 topere
460 896 740 989 promoveant,
769 879 945 961 dubitari
969 908 1052 961 non
1077 897 1225 989 potest,
1251 885 1298 959 A.
1324 882 1374 959 0.
1399 880 1484 959 illas
1508 882 1665 964 Mamm

299 1006 464 1113 privatis
487 1002 705 1084 secundare
728 1018 897 1097 sortem3
923 1000 993 1080 sed
1015 1003 1049 1081 si
1071 1029 1156 1081 non
1180 1002 1282 1081 tanti
1305 1000 1458 1080 fructus
1479 1004 1666 1083 ostende·

294 1141 461 1226 rentur,
480 1140 521 1203 et
540 1123 573 1203 si
593 1148 643 1201 ex
659 1123 722 1203 his
743 1120 886 1200 studiis
901 1118 984 1199 sola
1003 1120 1215 1201 delectatio
1228 1136 1447 1228 peteretur,
1468 1138 1602 1200 tamen
1619 1142 1667 1204 ut

300 1248 462 1353 opinor,
485 1245 588 1325 hanc
604 1246 727 1324 animi
753 1242 1030 1322 remissionem
1052 1242 1380 1325 humanissimam
1405 1268 1450 1320 ac
1469 1241 1664 1322 liberalis·

300 1368 439 1445 simam
461 1364 703 1473 judicaretis.

352 1554 440 1661 Ipse
454 1550 658 1647 beneficus
674 1538 828 1633 naturae
842 1551 1045 1655 conditor,
1060 1550 1160 1633 dum
1179 1552 1309 1657 uoluit
1325 1553 1458 1635 indies
1473 1550 1664 1633 alternari

296 1674 507 1781 magnilica
534 1692 699 1771 naturae,
713 1675 954 1783 spectacula,
986 1692 1184 1767 nocturna
1212 1674 1382 1781 caligine
1416 1673 1566 1755 obduci
1598 1658 1668 1753 res.

301 1822 441 1877 omncs
458 1799 690 1898 terrestres,
705 1815 745 1891 et
768 1787 937 1882 caelestia
955 1798 1145 1889 ostentari
1169 1823 1356 1902 corpora,
1378 1823 1548 1875 numero
1567 1793 1666 1881 infi-

298 1918 398 2018 nita,
424 1944 600 2027 qnorum
629 1919 857 2009 distantiam
883 1918 993 1999 nulla
1017 1920 1179 2024 attingit
1197 1946 1410 2001 mensura:
1435 1916 1583 1997 diurno
1601 1916 1666 1995 lu·
1723 1992 1726 1995 ,

298 2031 407 2117 mine
431 2039 596 2155 caelestia
613 2040 790 2120 obvelari
813 2067 983 2149 corpora
1005 2057 1045 2119 et
1067 2068 1117 2119 ex
1136 2040 1282 2120 umbra
1301 2040 1417 2119 educi
1442 2038 1666 2148 pulcherri-

297 2186 413 2238 mum
427 2159 582 2240 telluris
595 2176 843 2269 apparatum3
858 2161 956 2242 dum
969 2187 1033 2241 res
1047 2178 1255 2241 terrestres
1267 2157 1669 2267 incomprehensibili

301 2281 489 2359 varietate
509 2281 797 2359 venustissimis
817 2284 1006 2360 instruxit
1032 2281 1252 2358 formarum
1276 2298 1317 2357 et
1339 2280 1522 2358 colorum
1547 2304 1666 2387 orna·

301 2400 464 2498 mentis,
493 2423 629 2478 nonne
657 2399 864 2479 hominem
894 2400 944 2479 ad
971 2400 1083 2479 almae
1109 2418 1262 2479 namrae
1284 2399 1666 2505 contemplationem

299 2516 475 2617 allicere,
493 2544 629 2598 nonne
650 2518 701 2599 ad
720 2520 823 2599 hanc
843 2521 1041 2627 placidam
1063 2524 1186 2600 animi
1210 2523 1485 2600 iemissionem
1502 2517 1667 2599 videtur
1701 2618 1707 2629 ι

306 2637 502 2718 invitare?

254 2896 260 2909 ·
353 2844 503 2956 thuis
513 2861 572 2923 est
580 2845 679 2924 adeo
691 2873 987 2955 sensusexpers,
997 2865 1065 2928 aut
1073 2862 1156 2928 tam
1168 2876 1262 2928 vere
1272 2846 1400 2929 ferreo
1411 2845 1664 2943 vivitanimo,

174 3010 176 3018 ,
308 2988 430 3073 quem
453 2988 535 3040 non
555 2963 732 3067 jucunde
758 2964 903 3041 afficiat
925 2985 1164 3069 conspectus
1184 2969 1468 3041 collectionum
1488 2964 1665 3067 anologi-

305 3110 442 3163 carum
466 3099 535 3162 aut
556 3082 839 3171 mineraliumi
862 3110 984 3190 quem
1009 3107 1094 3160 non
1116 3100 1278 3161 moveat
1300 3082 1491 3161 mirificus
1504 3100 1669 3181 ¹naturae

305 3204 517 3312 splendor,
537 3202 909 3311 quoties‘aethereos
926 3203 1045 3284 orbas
1064 3220 1105 3282 et
1125 3206 1356 3310 apparentia
1377 3202 1466 3282 coeli
1493 3229 1669 3300 convexa

306 3324 505 3431 explorat,
527 3325 686 3430 quoties
704 3325 935 3422 innumera,
955 3347 1047 3432 quae
1067 3350 1143 3401 nos
1165 3323 1366 3423 ambiunt,
1388 3350 1555 3429 corpora
1568 3350 1668 3405 con-

305 3444 537 3551 templator,
557 3445 716 3552 quoties
733 3443 871 3523 octalos
890 3444 1157 3523 circumducit
1171 3468 1248 3551 per
1263 3470 1398 3549 agros,
1421 3461 1534 3551 prata
1550 3463 1591 3523 et
1606 3448 1684 3526 rie·

304 3580 407 3665 reta,
420 3580 513 3675 'quae
535 3562 665 3665 florae,
684 3564 830 3642 cereris
846 3580 888 3642 et
903 3584 1087 3669 pomona
1103 3562 1224 3643 donis
1245 3564 1591 3644 condecorantur?

360 3768 439 3853 sed
465 3770 498 3849 si
523 3784 632 3873 grata
659 3768 710 3845 sit
737 3767 869 3849 tenum
888 3766 966 3849 ¹illa
994 3769 1252 3878 angustisque
1279 3767 1476 3848 limitibus
1497 3768 1668 3849 circnm-

309 3894 452 3999 seripta
466 3888 769 3995 contemplatio,
785 3913 878 3997 quae
894 3888 1084 3987 omnibus
1099 3888 1333 3967 homiuibus
1347 3891 1575 3972 communis
1589 3887 1686 4000 est,

312 4029 459 4120 quanto
484 4008 701 4119 jucundior
728 4025 768 4087 et
793 4034 984 4113 generosa
1006 4012 1145 4087 mente
1169 4011 1330 4115 dignior
1355 4027 1414 4088 est
1445 4009 1572 4089 solida
1598 4037 1668 4090 na-

186 4190 191 4197 .
313 4146 411 4208 turae
431 4133 672 4236 exploratio,
691 4146 814 4241 quam
832 4128 1050 4235 disciplina
1071 4128 1251 4210 edocent.
1277 4130 1359 4229 Qui
1382 4131 1546 4232 scientia
1566 4129 1670 4224 duce

315 4266 462 4327 natnrae
481 4268 712 4353 apparatum
734 4250 866 4357 primo
887 4251 1088 4349 inuretur,
1106 4250 1353 4356 obstupescit
1368 4268 1412 4329 et
1428 4278 1574 4359 aucep
1590 4252 1687 4330 lue-⁸

317 4384 400 4474 ret,
414 4366 515 4477 quid
531 4372 654 4473 magis
671 4364 907 4475 admiretur,
923 4370 1312 4477 utrumlmultiplicia
1325 4388 1366 4451 et
1382 4373 1562 4479 praeclara
1579 4400 1690 4481 quaa=
