4517 5867
321 607 697 686 consummato
719 605 788 697 AD
811 603 1165 720 ansrlonett
1187 599 1518 678 tlteusnldrt.
1555 605 1622 702 173

261 790 444 892 venient:
468 788 582 900 qnod
602 787 741 886 multis
758 786 929 868 illustrat
946 782 1149 892 exemplis.
1174 785 1370 866 Praeterea
1391 802 1531 867 monet
1549 787 1626 866 ho·

262 910 393 995 mines
409 939 474 992 res
491 910 662 1022 aequales
680 924 721 990 et
738 906 952 1018 inequales
973 931 1217 1012 cognoscere
1234 935 1284 988 er
1301 906 1437 986 divinia
1454 906 1628 1018 qtmdem

264 1035 323 1131 vi,
344 1060 468 1144 quam
485 1047 524 1114 τὸ
543 1041 609 1114 Isos
630 1046 744 1110 vocat
759 1032 885 1112 Praro
906 1032 942 1134 (1
948 1045 983 1130 );
1003 1027 1113 1108 unde
1133 1029 1330 1107 existimat
1348 1027 1527 1110 divinam
1540 1057 1627 1110 esse

191 1254 195 1260 ἱ
226 1155 229 1160 ’
264 1158 310 1236 in
328 1155 464 1236 animo
480 1169 731 1262 potestatem,
748 1177 798 1228 ex
814 1177 896 1258 qua
913 1149 1117 1228 memoriae
1135 1166 1259 1258 atque
1277 1147 1552 1232 doctrinarum
1570 1181 1630 1232 re·

266 1277 528 1358 minucentire
547 1267 981 1366 facultates‘essistant;
999 1267 1195 1380 ideoque,
1208 1273 1361 1351 etiamsi
1377 1273 1535 1353 animus
1549 1301 1630 1354 ma·

267 1399 377 1478 xime
396 1386 469 1504 per
488 1415 627 1476 seusus
644 1409 750 1498 agat,
765 1390 965 1480 sentiendi
981 1409 1115 1474 tamen
1137 1409 1258 1504 atque
1279 1394 1630 1503 percipiendi-vim

266 1515 631 1622 illunsingulnen
646 1511 896 1597 referendam
912 1539 997 1596 esse
1015 1511 1067 1600 ad
1085 1511 1381 1596 divinamillam
1391 1521 1628 1624 potentiam,

265 1653 304 1725 ti
315 1649 391 1720 ἶσον.
508 1708 512 1725 ,
666 1657 669 1664 ’
1012 1663 1016 1672 ’

267 1845 272 1857 r
320 1809 399 1890 Sed
420 1805 520 1919 quid
539 1806 693 1888 diutius
710 1833 784 1887 nos
805 1831 1011 1886 moramur
1028 1807 1072 1888 in
1090 1807 1339 1917 explananda
1358 1806 1529 1893 Socratis
1546 1839 1632 1895 sen·

265 1931 411 2032 tentiis,
435 1944 528 2010 curn
551 1930 630 2011 hoc
651 1955 774 2012 nemo
796 1929 940 2010 melius
959 1928 1096 2010 fecerit
1116 1931 1206 2037 ipso
1225 1931 1439 2032 Cicerone,
1458 1937 1529 2046 qui
1552 1935 1630 2016 alio

266 2051 356 2132 loco
375 2052 431 2159 (a)
453 2051 503 2132 de
524 2053 659 2133 animo
680 2051 874 2160 loq'uens,
892 2051 1058 2131 «Habet
1074 2052 1277 2160 primum,
1298 2057 1453 2164 Inquit,
1475 2084 1633 2138 memo-

266 2175 369 2251 riam
390 2188 431 2250 et
449 2199 538 2250 eam
558 2171 757 2251 infinitam
773 2196 910 2250 rerum
928 2171 1295 2253 innumerabilium.
1314 2171 1447 2277 Quam
1464 2178 1632 2289 quidem

266 2293 380 2373 Plato
407 2291 724 2372 recordationem
754 2284 840 2369 esse
867 2289 956 2370 vult
985 2292 1203 2397 superioris
1232 2297 1332 2373 vitae.
1361 2295 1465 2377 Nam
1489 2302 1534 2381 in
1561 2303 1632 2384 illo

267 2415 376 2494 libro
397 2417 468 2523 qui
486 2413 720 2492 inscribitur
732 2413 882 2491 Menon
894 2409 972 2517 (3),
990 2412 1203 2518 pusionem
1220 2414 1435 2524 quemdam
1452 2419 1634 2506 Socrates

268 2535 488 2638 interrogat
517 2531 703 2642 quaedam
731 2534 971 2638 geometrica
994 2530 1046 2612 de
1068 2531 1318 2616 dimensione
1345 2541 1545 2648 quadrati.
1568 2547 1634 2632 Ad

270 2681 316 2733 ea
333 2656 390 2733 sio
407 2653 474 2734 ille
496 2650 731 2761 respondet,
752 2669 799 2731 nt
817 2678 948 2760 puer:
970 2671 1011 2733 et
1032 2669 1168 2734 tamen
1187 2656 1242 2736 ita
1260 2655 1394 2739 faciles
1413 2663 1633 2776 interroga·

269 2777 402 2856 tiones
423 2791 542 2875 sunt,
565 2790 612 2854 ut
634 2773 829 2878 gradatim
852 2773 1100 2883 respondens
1124 2779 1268 2859 eodem
1296 2788 1524 2892 perveniat,
1551 2818 1634 2903 quo

136 2897 140 2906 ’
271 2899 306 2977 si
320 2897 615 2977 Geometricam
633 2892 845 2974 didicisset.
864 2897 925 2974 Ex
944 2920 1029 3006 quo
1046 2897 1149 2977 effici
1165 2902 1254 2980 ruit
1269 2903 1468 3006 Socrates,
1489 2925 1536 2989 ut
1552 2912 1634 2994 dis·

273 3045 364 3100 cere
389 3017 489 3099 nihil
514 3015 625 3097 aliud
649 3019 799 3097 sitnisi
824 3017 1038 3098 recordari.
1052 3019 1197 3122 'Quem
1212 3020 1348 3119 locum
1366 3028 1495 3108 multo
1514 3033 1634 3117 etiam

276 3139 504 3219 adcuratius
533 3138 702 3246 explicat
726 3140 769 3216 in
795 3163 844 3217 eo
868 3163 1053 3220 sermone
1077 3165 1200 3250 quem
1224 3141 1365 3225 habuit
1387 3175 1436 3228 eo
1456 3152 1545 3260 ipso
1566 3154 1634 3236 die
1735 3240 1740 3250 ,

275 3287 359 3370 quo
371 3260 538 3340 excessit
550 3287 572 3338 e
583 3259 665 3338 vitai
675 3257 740 3365 (d).
751 3260 879 3339 Docet
889 3261 1012 3364 enim,
1024 3264 1288 3374 quemvisqni
1302 3271 1485 3352 omnium
1496 3302 1634 3358 rerum

319 3495 369 3586 (ι)
391 3497 432 3564 In
441 3496 603 3564 Phaedone
614 3519 689 3587 pag.
706 3495 760 3586 74.
775 3496 813 3564 C.
828 3487 943 3589 steph.

317 3649 369 3738 (a)
384 3649 533 3714 Tuscull.
548 3648 724 3738 Disputat.
739 3645 814 3715 Lib.
828 3652 855 3717 1.
870 3675 941 3741 cap.
955 3653 1010 3719 24.

318 3813 368 3907 (3)
391 3815 499 3884 Locus
510 3819 548 3884 in
559 3815 701 3884 Menona
711 3817 771 3906 qui
785 3820 853 3886 huc
865 3801 1027 3910 pertinet,
1040 3821 1163 3911 legitur
1173 3800 1317 3914 pagsssa.
1326 3826 1362 3894 B.
1374 3802 1445 3920 sqq.
1455 3833 1506 3902 ed.
1519 3835 1633 3930 saph}

273 3923 374 4030 'Iom-
384 3921 442 3989 lv.
456 3945 531 4014 pag.
545 3921 621 3988 352.
632 3945 704 4011 sqq.
718 3923 851 4014 BIpont.

320 4068 369 4162 (4)
391 4071 517 4140 Hocest
527 4119 539 4156 ,
550 4077 591 4177 in
608 4073 782 4143 Phaedone.
802 4077 909 4144 Locus
925 4089 1036 4146 antem
1053 4095 1157 4166 quem·
1173 4085 1278 4172 tangit
1293 4083 1426 4176 Cicero,
1442 4108 1547 4162 exstat
1557 4084 1634 4186 pag.

276 4178 385 4268 qstt,
399 4199 470 4264 sqq.
482 4175 599 4264 Steph.
606 4199 681 4265 pag.
697 4199 751 4265 27.
763 4177 1136 4268 squrmsmcnn
1152 4207 1275 4275 :quem
1286 4193 1634 4270 rideatIsinProoemio

274 4305 350 4372 pag.
371 4277 492 4347 XVIII.
513 4292 546 4344 et
565 4279 668 4345 XXX.
690 4281 836 4370 itemque
849 4286 886 4351 in
899 4287 1179 4356 Annotationibua
1197 4297 1372 4383 pag-'184.
1391 4301 1517 4370 Confer
1533 4307 1633 4372 etiam

275 4383 630 4555 MurquunTrurun
654 4385 692 4451 in
714 4387 879 4457 Dissertat.
900 4391 988 4458 xvl.
1010 4415 1085 4484 pag.
1114 4399 1206 4485 175„
1229 4420 1300 4490 sqq.
1325 4407 1494 4494 praecipue
1508 4431 1580 4500 cap.
1598 4409 1632 4483 8..

274 4513 380 4581 μμ
409 4511 441 4576 7.
486 4510 588 4556 arun.
