4517 5867
630 600 668 671 ri

629 767 998 909 orationisque
1041 755 1395 899 elegantiam,
1438 746 1589 890 baud
1633 779 1808 891 pauca
1846 737 1999 846 desi·-

634 928 922 1046 dereutur;
961 918 1037 1020 ita
1084 909 1455 1015 assiduitatem
1506 940 1568 1005 ac
1623 900 2001 1044 diligentiam,¹

633 1082 742 1228 quai
783 1079 841 1180 in
880 1068 1163 1177 tractando
1208 1066 1314 1169 boc
1353 1083 1829 1207 argumentosum
1871 1095 2001 1156 ver-

633 1260 811 1358 satus,
856 1229 985 1330 vitia
1031 1221 1180 1329 illius
1226 1219 1468 1369 quodam
1517 1213 1686 1322 modo
1734 1245 2001 1354 compen-

633 1415 816 1496 satura
873 1383 1137 1488 existimo.
1163 1380 1400 1514 'Etenim
1443 1416 1568 1481 cum
1612 1391 2002 1519 perangustum

633 1539 892 1685 temporis
949 1523 1186 1683 spatium
1233 1532 1304 1638 ad
1353 1529 1660 1638 exhibenda
1702 1523 1999 1634 Ordinibus

634 1734 892 1842 responsa
944 1717 1082 1798 esset
1144 1728 1458 1796 concessum
1490 1711 1617 1816 ,-et
1684 1680 2002 1832 quotidiana

633 1891 802 2001 pensa
833 1853 922 1954 vix
956 1851 1052 1954 otii
1087 1845 1390 1995 quidquam
1426 1845 1496 1952 ad
1524 1841 1855 1992 peculiarem
1884 1838 2004 1941 Diss

635 2008 982 2114 sertationem
1017 2004 1406 2111 elaborandam
1439 2002 1578 2110 mihi
1604 2000 2000 2145 relinquerent;

633 2162 783 2309 quod
821 2161 1009 2266 ceteris
1046 2158 1238 2265 studiis
1274 2161 1540 2284 subsecivi
1578 2157 1834 2302 temporis
1877 2147 2005 2256 sub·

635 2315 848 2421 trahere
893 2336 1171 2457 poteram,
1210 2315 1274 2418 'id
1314 2315 1526 2440 solum,
1563 2313 1647 2416 vel
1694 2306 2004 2457 posthabita

633 2465 959 2574 valetudinis
997 2469 1160 2594 curri,
1195 2469 1264 2572 ad
1304 2495 1616 2614 susceptum
1654 2469 1803 2572 hunc
1842 2464 2005 2570 labo-

635 2661 751 2730 rem
777 2618 1172 2766 perficieudum
1207 2649 1323 2728 erat
1355 2617 1806 2770 impendendum.
1838 2617 2006 2755 Quod

636 2803 821 2922 tamen
868 2813 934 2880 eo
994 2774 1272 2882 lubentius
1335 2779 1478 2904 leci,
1536 2773 1662 2911 cum
1723 2781 2005 2914 proposito

637 2953 955 3074 argumento
992 2933 1272 3064 insigniter
1305 2933 1632 3051 delectarer,
1672 2948 1726 3028 et
1760 2965 1872 3071 quo
1901 2966 2007 3069 mag

634 3089 714 3232 gis
750 3085 809 3185 in
844 3117 912 3199 eo
940 3076 1316 3225 persequendo
1357 3075 1734 3224 progrederer,
1775 3120 1842 3184 eo
1878 3121 2006 3186 ma·-

602 3246 807 3386 *j0rem
856 3233 925 3340 ad
975 3231 1155 3338 studia
1204 3225 1335 3338 mea
1375 3234 1667 3342 utilitatem
1718 3234 1846 3341 inde
1889 3276 2006 3344 esse

640 3390 1066 3534 redundaturum
1104 3391 1375 3522 sentirem.
1476 3516 1481 3529 .

707 3595 948 3709 Monitos
1001 3619 1182 3701 autem
1226 3595 1333 3702 hoc
1376 3595 1497 3703 loco
1541 3595 1704 3702 velim
1747 3598 2003 3704 Doctissi·

638 3791 758 3864 mos
795 3749 982 3878 Viros,
1021 3751 1219 3896 quibus
1268 3751 1337 3871 de
1382 3753 1650 3900 opusculo
1694 3793 1816 3877 meo
1858 3754 2003 3898 judi-

639 3911 787 4013 cium
835 3910 937 4014 erit
981 3907 1317 4037 faciendum,
1360 3909 1600 4019 noluisse
1649 3950 1768 4037 me,
1812 3893 2002 4055 quavis

638 4059 769 4165 data
817 4065 1251 4208 opportunitate,
1301 4058 1574 4172 Ciceronis
1620 4064 1807 4170 laudes
1852 4065 2001 4171 cele·
2117 4185 2122 4194 .

635 4211 801 4320 -brare
859 4223 1080 4363 ejusque
1148 4247 1259 4326 tam
1316 4221 1585 4364 cogitandi
1641 4222 1998 4346 subtilitatem

636 4407 808 4512 quam
845 4367 1059 4478 dicendi
1090 4380 1199 4480 vim
1236 4403 1289 4482 et
1321 4375 1637 4524 elegantiam
1675 4377 1963 4524 praedicare
1980 4454 1995 4504 ,
