4517 5867
656 661 703 733 88
1002 661 1148 732 PETRI
1170 659 1263 731 JOS.
1288 657 1389 730 vAN
1413 657 1512 732 DER
1535 657 1640 727 Tott-

655 854 833 920 ctuantes
847 853 887 917 et
902 838 1025 919 animi
1039 838 1327 947 cupiditatibus
1335 836 1596 917 inservientes
1609 837 1732 940 magis
1743 835 1948 944 magisque
1959 829 2010 912 nb

653 962 721 1041 illi
742 958 953 1041 deflectant
967 977 1009 1040 et
1022 963 1066 1039 iu
1079 960 1199 1040 altam
1212 958 1385 1070 subinde
1399 972 1517 1037 ruant
1529 957 1757 1064 perniciem.
1775 957 1860 1034 Nec
1877 973 2013 1034 tamen

652 1079 731 1160 hoc
750 1082 806 1159 ita
822 1083 947 1190 accipi
965 1082 1138 1162 velimus
1157 1109 1202 1160 ae
1222 1084 1258 1164 si
1276 1079 1485 1164 affectibus
1502 1077 1625 1158 enimi
1644 1077 1742 1156 certi
1755 1075 1922 1185 quidam
1938 1091 2011 1153 ter·

652 1200 754 1280 mini
765 1205 953 1282 constitui
967 1204 1250 1315 nequeant(1);
1263 1207 1335 1314 qui
1348 1204 1382 1282 si
1395 1215 1680 1310 temperantur,
1694 1194 2011 1278 noneolumnon

651 1340 801 1404 nocent
822 1322 894 1404 sed
914 1324 1155 1434 plerumque
1181 1325 1388 1406 stimulant
1409 1322 1743 1432 inflammantque
1764 1318 1921 1398 animos
1936 1319 2011 1423 (2),

649 1445 844 1524 ereen'ora
870 1443 1048 1524 reddunt
1077 1448 1258 1551 ingenia,
1289 1463 1411 1558 etque
1434 1446 1534 1528 illud
1563 1447 1734 1525 omnino
1764 1437 1941 1522 efficiunt
1964 1455 2011 1518 nt

573 1617 578 1627 ·
650 1563 796 1665 homo,
815 1567 962 1670 spretis
977 1566 1168 1646 omnibus
1191 1565 1439 1648 irruentibus
1460 1571 1553 1646 vitae
1574 1559 1857 1658 incommune,
1883 1587 2009 1670 queu-

648 1701 738 1763 tum
757 1685 898 1764 ceteris
917 1701 1075 1794 prestet
1092 1687 1365 1768 animantibus
1382 1687 1490 1768 haud
1509 1688 1659 1768 invitus
1679 1683 1869 1765 ostendat
1888 1683 2010 1766 Vehe-

611 1823 616 1831 '
648 1823 806 1886 menter
826 1807 962 1916 itaque
982 1824 1117 1888 errant
1137 1811 1207 1920 qui
1226 1809 1478 1891 contendunt
1493 1807 1709 1890 affectuum
1728 1807 1827 1886 alios
1841 1833 1926 1888 esse
1940 1809 2011 1889 uti·

648 1925 707 2005 les
726 1927 826 2009 alios
845 1931 1095 2036 perniciosos
1111 1930 1190 2038 (3);
1209 1960 1304 2012 nam
1324 1935 1458 2034 sicuti,
1478 1959 1574 2014 cum
1592 1933 1847 2035 mitigantur,
1872 1955 2010 2008 omnes

650 2046 873 2153 plurimum
895 2071 1086 2156 prosunt,
1104 2056 1161 2132 ita
1181 2057 1530 2154 numeremur,
1549 2053 1729 2129 animum
1748 2050 1832 2156 ejus
1849 2050 1914 2128 cui
1932 2051 2008 2126 im·

649 2187 809 2272 perant,
839 2171 956 2248 initio
982 2170 1148 2249 titillant
1178 2173 1464 2280 paullatimque
1490 2169 1638 2250 deinde
1660 2167 1873 2250 debilitant
1897 2186 1939 2247 et
1962 2170 2008 2248 in

648 2287 817 2365 exitium
835 2286 1002 2366 demum
1019 2291 1278 2396 praecipitant.
1298 2291 1443 2398 Neque
1460 2291 1569 2370 enim
1587 2290 1632 2369 in
1650 2291 1785 2371 nostri
1802 2304 1862 2368 est
1878 2305 2009 2403 potes-

525 2485 530 2492 .
646 2422 727 2485 tate
746 2405 956 2487 affectibus
975 2434 1134 2507 vacare,
1154 2407 1355 2490 moderari
1379 2435 1476 2492 vero
1498 2410 1576 2492 illis
1598 2410 1690 2516 quis
1713 2426 1900 2490 nostrum
1925 2435 2010 2488 non

616 2601 621 2608 .
645 2543 780 2633 potest
796 2527 878 2634 (mi

698 2714 757 2791 Ut
771 2738 869 2790 vero
892 2713 1057 2794 affectus
1072 2717 1213 2818 animi,
1235 2717 1290 2795 ita
1310 2741 1386 2794 nee
1407 2713 1648 2818 voluptates,
1669 2713 1821 2820 quibus
1838 2713 1898 2791 illi
1921 2712 2009 2820 ple-

646 2858 822 2941 rumque
841 2833 1083 2933 excitantem,
1099 2833 1173 2912 eui
1192 2833 1370 2938 ipsarum
1387 2831 1429 2910 vi
1450 2847 1490 2909 et
1510 2829 1654 2910 nature
1672 2829 1783 2910 malae
1803 2847 1908 2912 sunt.
1927 2833 2009 2913 Ubi

647 2954 759 3033 enim
776 2951 894 3030 illum
911 2953 1125 3036 invenietis
1141 2951 1214 3060 qui
1231 2949 1425 3058 quasdam
1443 2965 1549 3030 certe
1566 2975 1704 3030 earnm
1717 2977 1799 3029 non
1815 2967 2010 3054 sectetur,

648 3069 984 3181 quandoquidem
1007 3069 1111 3153 illud
1134 3073 1180 3150 in
1204 3071 1301 3150 viris
1327 3067 1665 3176 temperantibus,
1695 3069 1862 3174 integris
1887 3087 2006 3182 atque

646 3189 917 3299 prudentibus
944 3217 1023 3272 usu
1051 3191 1213 3270 evenire
1238 3188 1433 3270 videmus.
1469 3189 1542 3268 Sin
1568 3185 1761 3298 quasdem
1783 3216 1919 3271 earum
1942 3191 2005 3270 fu-

646 3313 783 3418 giunt,
801 3338 888 3392 non
907 3306 1188 3392 arbitrandum
1209 3327 1269 3392 est
1292 3327 1506 3420 propterea
1527 3310 1605 3392 hoc
1627 3309 1716 3392 fieri
1737 3311 1851 3420 quod
1870 3312 2003 3422 appel-

691 3596 739 3686 (1)
762 3594 861 3664 Unde
877 3595 959 3664 Cato
977 3596 1062 3687 Cep.
1082 3598 1136 3664 14.
1154 3599 1175 3684 ς
1195 3597 1251 3664 46.
1270 3599 1316 3666 eit
1332 3597 1370 3664 in
1388 3596 1575 3690 parentini
1591 3617 1600 3664 τ
1629 3595 1702 3664 «Ne
1718 3599 1857 3664 omnino
1874 3597 2001 3666 bellum

644 3701 805 3870 igfflp:
824 3700 936 3770 ridear
954 3702 1197 3792 voluptatium,
1216 3725 1362 3790 querum
1378 3713 1426 3770 ent
1440 3702 1540 3770 etiem
1554 3700 1687 3774 fortene
1699 3702 1832 3804 qrumm
1844 3703 2010 3783 neutralis.

691 3953 740 4040 (n)
762 3953 986 4040 flumme,
998 3955 1048 4022 De
1059 3957 1214 4046 l'Esprit,
1229 3957 1301 4024 Liv.
1316 3957 1352 4041 1,
1366 3959 1463 4048 chep.
1478 3959 1511 4025 6.

691 4102 740 4192 (3)
762 4105 793 4170 J.
807 4106 839 4171 J.
854 4090 1199 4195 nomentum,
1213 4111 1287 4178 mv.
1301 4110 1351 4195 ν,
1364 4133 1440 4200 pag.
1456 4108 1860 4196 unumunurm.

691 4272 739 4359 (4)
766 4271 827 4339 «si
845 4275 915 4341 l'on
927 4277 1007 4342 nteit
1019 4277 1065 4344 les
1077 4279 1222 4368 passione
1234 4279 1253 4344 ὲ
1265 4280 1380 4356 Peme,
1395 4303 1431 4345 ee
1446 4280 1543 4346 serait
1554 4280 1605 4348 lui
1621 4281 1692 4346 tter
1708 4293 1782 4348 tous
1798 4302 1845 4346 see
1857 4301 1999 4348 mouve-

644 4388 772 4458 menn,
786 4389 819 4440 et
832 4378 863 4442 ln
875 4379 1020 4466 plonger¹
1029 4383 1109 4446 dane
1121 4407 1188 4450 une
1202 4385 1360 4474 lethargie
1372 4384 1598 4476 impur'ssante.
1606 4409 1624 4452 »
1641 4386 1696 4452 LE
1708 4385 1880 4469 GENDRE,
1893 4385 2014 4450 'fraite¹

644 4476 1269 4576 del'Opinion‚Tom.111,pag.195·
1557 4483 1562 4492 ’
