4517 5867
630 645 674 693 to
941 615 1159 690 ANDREAE
1183 609 1357 689 'contu
1379 610 1666 689 KHONRAAD
1790 682 1795 690 ,

677 800 834 881 Dicitur
857 795 1071 905 longitudo
1092 798 1288 905 temporis
1306 794 1547 903 (taedium),
1574 795 1716 873 animae
1748 793 1990 902 inquietudo

633 948 726 1001 eum
747 946 868 999 sensu
889 921 1047 1025 ingrato
1070 936 1111 999 et
1136 919 1322 1023 molesto,
1350 944 1374 996 a
1404 944 1490 1027 quo
1520 915 1723 997 vindicare
1755 942 1798 995 se
1827 934 1992 998 conatur

629 1042 752 1123 homo
765 1102 776 1145 ,
788 1043 838 1123 ab
853 1044 1103 1123 emotiouum
1113 1060 1319 1151 gratarum
1342 1056 1382 1121 et
1400 1041 1543 1120 animae
1555 1038 1789 1120 facultatum
1811 1042 1991 1121 exereitii

631 1162 787 1243 defectu
814 1182 909 1245 orta.
948 1165 1084 1244 Status
1117 1164 1185 1244 ille
1228 1164 1393 1265 anxius,
1428 1180 1625 1271 presente
1653 1160 1918 1270 dispositione
1945 1159 1996 1242 ad

628 1286 952 1388 melancholiam,
971 1288 1063 1367 vitae
1090 1284 1259 1367 taedium
1289 1312 1447 1389 creare,
1476 1302 1518 1365 et
1549 1285 1600 1366 ad
1633 1284 1926 1389 antochirium,
1952 1286 1997 1363 in

628 1411 743 1489 certis
761 1409 997 1515 regionibus
1024 1408 1304 1508 endemicum,
1325 1408 1547 1513 perducere
1574 1423 1718 1515 potest

679 1599 853 1703 Euergia
869 1624 914 1677 ac
926 1597 1086 1675 duratio
1097 1598 1330 1705 passionum
1346 1614 1536 1680 emanant
1545 1599 1800 1707 potissimum
1815 1616 2006 1690 enatura,

549 1794 552 1801 .
631 1718 796 1827 objecti,
809 1718 894 1827 ejus
913 1719 1126 1825 gravitate,
1139 1720 1365 1827 praesentia,
1383 1720 1435 1801 ab
1448 1722 1604 1802 actione
1623 1720 1707 1827 ejus
1725 1739 1929 1827 protracta
1951 1725 1997 1801 in

630 1857 830 1944 mentem,
848 1856 922 1921 eta
941 1840 1203 1937 sensibilitate
1212 1858 1337 1951 atque
1358 1842 1580 1921 charactere
1590 1840 1768 1946 subjecti.
1785 1841 1833 1917 ln
1843 1868 1993 1945 genere

626 1964 1177 2071 impressiones-improvisae,
1198 1960 1439 2066 subimeae,
1474 1964 1653 2063 insuetae,
1679 1960 1882 2041 obstacula
1910 1964 1996 2044 vin·

625 2082 767 2183 tenda,
788 2084 941 2163 interni
957 2110 1002 2163 ac
1018 2085 1177 2164 externi
1195 2110 1339 2165 sensns
1355 2084 1482 2166 vividi
1502 2101 1544 2165 et
1564 2082 1770 2195 exquisiti,
1790 2110 1904 2163 amor
1930 2088 1996 2165 sul

626 2205 669 2283 in
699 2202 830 2285 altiori
862 2204 1006 2313 gradu,
1030 2210 1181 2288 emotio
1208 2211 1352 2289 animae
1367 2208 1450 2318 jam
1481 2209 1672 2310 existens,
1698 2208 1999 2313 imaginationis

624 2327 685 2406 vis
714 2354 806 2438 quae
837 2328 1073 2435 solitudine,
1099 2330 1260 2411 silentio
1297 2349 1337 2411 et
1375 2331 1621 2413 obscuritate
1653 2346 1846 2436 augetur,
1872 2329 1998 2409 animi

624 2466 760 2531 motus
782 2452 1000 2535 intendunt
1024 2480 1071 2533 ae
1092 2452 1265 2534 firmant.

673 2656 871 2737 Animalia
897 2656 1006 2739 haud
1037 2650 1214 2770 moveri,
1246 2655 1484 2759 quotidiana
1514 2655 1771 2761 improbatur
1801 2656 1996 2760 observa-

621 2778 742 2857 tione.
766 2774 899 2853 Facite
924 2772 1201 2879 dignoscitur,
1220 2798 1322 2849 num
1343 2775 1454 2852 oanis
1478 2776 1530 2853 sit
1553 2775 1679 2855 iratus
1707 2773 1774 2854 vel
1797 2774 1994 2883 placatus,

623 2926 722 2979 num
747 2897 870 2977 tristis
897 2894 962 2977 vel
987 2893 1143 2991 h'ilaris3
1176 2894 1313 2973 omnia
1340 2911 1496 2975 terrore
1522 2895 1615 3003 plus
1646 2898 1834 2978 minusve
1862 2904 1990 2981 corri-

622 3022 800 3129 piuntur.
837 3020 1025 3097 Attamen
1063 3042 1187 3123 parvo
1227 3032 1322 3094 sunt
1357 3042 1532 3096 numero
1572 3016 1798 3095 emotiones
1829 3041 1986 3100 eorum.

621 3142 713 3221 Alio
732 3138 856 3219 modo
878 3139 1288 3248 existunt,sentiunt,
1297 3136 1484 3249 judicant
1497 3166 1622 3253 qnam
1634 3138 1776 3226 homo:
1788 3140 1876 3220 aliae
1893 3161 1990 3228 sunt

621 3290 764 3345 eorum
795 3262 1047 3343 necessitates
1073 3289 1118 3344 ao
1148 3260 1383 3361 relationes;
1418 3260 1529 3343 unde
1559 3280 1696 3362 motus
1726 3290 1868 3345 eorum
1886 3264 1991 3368 ‚alins

622 3414 705 3467 esse
737 3382 906 3487 indolis,
928 3400 1071 3492 sponte
1095 3382 1212 3463 lucet.

675 3574 853 3655 Allectus
880 3577 1003 3655 animi
1038 3574 1187 3657 modici
1214 3600 1298 3655 non
1336 3593 1432 3656 suut
1462 3576 1735 3685 vituperandi,
1764 3578 1826 3656 uti
1850 3575 1988 3653 volue-

620 3706 716 3774 runt
726 3694 955 3805 philosophi
970 3698 1112 3809 aliqui.
1127 3683 1344 3779 Enimvero
1360 3699 1451 3779 vitae
1464 3697 1719 3779 condimenta
1734 3691 1878 3775 'haberi
1897 3718 1989 3801 pos·

620 3826 735 3918 sunt,
754 3814 864 3897 illam
885 3816 1182 3898 sensibiliorem
1201 3818 1399 3915 reddunt,
1423 3838 1465 3901 et
1482 3822 1644 3903 eximias
1669 3832 1854 3927 praestant
1880 3842 1985 3923 saepe

619 3939 818 4021 utilitates.
844 3936 924 4021 Sed
942 3967 1039 4021 usus
1056 3939 1298 4024 immodicus
1316 3945 1398 4023 sive
1418 3968 1629 4051 perversus
1646 3966 1805 4041 eorum,
1826 3936 1982 4015 homini

544 4080 546 4087 ’
619 4062 786 4147 infestus
812 4078 889 4169 est,
917 4080 958 4143 et
991 4066 1076 4145 veri
1106 4066 1240 4146 morbi
1275 4066 1355 4146 dici
1387 4078 1577 4172 possunt,
1610 4087 1704 4139 nam
1737 4087 1823 4140 non
1855 4056 1984 4139 solum

619 4188 762 4268 animae
787 4185 1000 4304 sedetiam
1027 4188 1209 4297 corporis
1232 4187 1460 4269 functiones
1476 4183 1754 4296 perturbant..
1976 4186 1979 4194 ’
