<?xml version="1.0" encoding="UTF-8"?>
<!DOCTYPE html PUBLIC "-//W3C//DTD XHTML 1.0 Transitional//EN"
    "http://www.w3.org/TR/xhtml1/DTD/xhtml1-transitional.dtd">
<html xmlns="http://www.w3.org/1999/xhtml" xml:lang="en" lang="en">
 <head>
  <title>
</title>
<meta http-equiv="Content-Type" content="text/html;charset=utf-8" />
  <meta name='ocr-system' content='tesseract 3.04.00' />
  <meta name='ocr-capabilities' content='ocr_page ocr_carea ocr_par ocr_line ocrx_word'/>
</head>
<body>
  <div class='ocr_page' id='page_1' title='image "annalesacademia01goog_0466.png"; bbox 0 0 4517 5867; ppageno 0'>
   <div class='ocr_carea' id='block_1_1' title="bbox 677 680 1751 752">
    <p class='ocr_par' dir='ltr' id='par_1_1' title="bbox 677 680 1751 752">
     <span class='ocr_line' id='line_1_1' title="bbox 677 680 1751 752; baseline 0 -9"><span class='ocrx_word' id='word_1_1' title='bbox 677 696 742 743; x_wconf 84' lang='lat'><strong><em>112</em></strong></span> <span class='ocrx_word' id='word_1_2' title='bbox 1060 681 1217 751; x_wconf 82' lang='lat' dir='ltr'>FRANC.</span> <span class='ocrx_word' id='word_1_3' title='bbox 1242 680 1330 749; x_wconf 77' lang='lat' dir='ltr'><strong><em>tte.</em></strong></span> <span class='ocrx_word' id='word_1_4' title='bbox 1355 681 1644 752; x_wconf 71' lang='lat' dir='ltr'><strong><em>scflotttnnt</em></strong></span> <span class='ocrx_word' id='word_1_5' title='bbox 1745 733 1751 743; x_wconf 90' lang='lat'><strong>.</strong></span> 
     </span>
    </p>
   </div>
   <div class='ocr_carea' id='block_1_2' title="bbox 662 872 2056 2926">
    <p class='ocr_par' dir='ltr' id='par_1_2' title="bbox 662 872 2056 2926">
     <span class='ocr_line' id='line_1_2' title="bbox 672 872 2040 984; baseline 0.009 -33"><span class='ocrx_word' id='word_1_6' title='bbox 672 874 841 953; x_wconf 79' lang='lat' dir='ltr'><strong><em>intentor</em></strong></span> <span class='ocrx_word' id='word_1_7' title='bbox 857 872 1270 983; x_wconf 78' lang='lat' dir='ltr'><strong><em>l&#39;cctionpossessoire,</em></strong></span> <span class='ocrx_word' id='word_1_8' title='bbox 1289 882 1399 956; x_wconf 67' lang='lat' dir='ltr'><strong><em>cdnrt</em></strong></span> <span class='ocrx_word' id='word_1_9' title='bbox 1412 876 1470 957; x_wconf 83' lang='lat' dir='ltr'><strong><em>dn</em></strong></span> <span class='ocrx_word' id='word_1_10' title='bbox 1477 880 1580 984; x_wconf 86' lang='lat' dir='ltr'><strong><em>jour</em></strong></span> <span class='ocrx_word' id='word_1_11' title='bbox 1591 878 1647 957; x_wconf 82' lang='lat' dir='ltr'><strong><em>dn</em></strong></span> <span class='ocrx_word' id='word_1_12' title='bbox 1662 882 1827 972; x_wconf 77' lang='lat' dir='ltr'><em>trouble,</em></span> <span class='ocrx_word' id='word_1_13' title='bbox 1844 900 1971 962; x_wconf 88' lang='lat' dir='ltr'><strong><em>etnon</em></strong></span> <span class='ocrx_word' id='word_1_14' title='bbox 1981 886 2040 963; x_wconf 78' lang='lat' dir='ltr'><strong><em>dic</em></strong></span> 
     </span>
     <span class='ocr_line' id='line_1_3' title="bbox 662 994 2040 1111; baseline 0.011 -40"><span class='ocrx_word' id='word_1_15' title='bbox 662 995 763 1099; x_wconf 82' lang='lat' dir='ltr'><strong><em>jour</em></strong></span> <span class='ocrx_word' id='word_1_16' title='bbox 781 995 835 1073; x_wconf 79' lang='lat' dir='ltr'><strong><em>od</em></strong></span> <span class='ocrx_word' id='word_1_17' title='bbox 855 994 892 1073; x_wconf 82' lang='lat' dir='ltr'><strong><em>te</em></strong></span> <span class='ocrx_word' id='word_1_18' title='bbox 916 996 1068 1079; x_wconf 76' lang='lat' dir='ltr'><em>trouble</em></span> <span class='ocrx_word' id='word_1_19' title='bbox 1092 1026 1121 1077; x_wconf 84' lang='lat' dir='ltr'><em>a</em></span> <span class='ocrx_word' id='word_1_20' title='bbox 1145 1001 1212 1078; x_wconf 76' lang='lat' dir='ltr'><strong><em>dtc&#39;</em></strong></span> <span class='ocrx_word' id='word_1_21' title='bbox 1224 1026 1374 1092; x_wconf 78' lang='grc' dir='ltr'><strong><em>οοηηιι,</em></strong></span> <span class='ocrx_word' id='word_1_22' title='bbox 1402 1004 1493 1079; x_wconf 82' lang='lat' dir='ltr'><strong><em>bien</em></strong></span> <span class='ocrx_word' id='word_1_23' title='bbox 1513 1001 1617 1109; x_wconf 82' lang='lat' dir='ltr'><strong><em>qn&#39;il</em></strong></span> <span class='ocrx_word' id='word_1_24' title='bbox 1637 1004 1798 1111; x_wconf 78' lang='lat' dir='ltr'><strong><em>s&#39;agc&#39;ssc</em></strong></span> <span class='ocrx_word' id='word_1_25' title='bbox 1816 1003 1916 1083; x_wconf 85' lang='lat' dir='ltr'><strong><em>d&#39;un</em></strong></span> <span class='ocrx_word' id='word_1_26' title='bbox 1935 1024 2040 1085; x_wconf 85' lang='lat' dir='ltr'><strong><em>trou-</em></strong></span> 
     </span>
     <span class='ocr_line' id='line_1_4' title="bbox 675 1114 2045 1234; baseline 0.01 -43"><span class='ocrx_word' id='word_1_27' title='bbox 675 1114 737 1193; x_wconf 87' lang='lat' dir='ltr'><strong><em>ble</em></strong></span> <span class='ocrx_word' id='word_1_28' title='bbox 764 1114 815 1195; x_wconf 85' lang='lat' dir='ltr'><strong><em>de</em></strong></span> <span class='ocrx_word' id='word_1_29' title='bbox 841 1116 946 1197; x_wconf 81' lang='lat' dir='ltr'><strong><em>droit</em></strong></span> <span class='ocrx_word' id='word_1_30' title='bbox 961 1120 1058 1228; x_wconf 81' lang='lat' dir='ltr'><strong><em>plns</em></strong></span> <span class='ocrx_word' id='word_1_31' title='bbox 1081 1149 1158 1229; x_wconf 81' lang='lat' dir='ltr'><strong><em>que</em></strong></span> <span class='ocrx_word' id='word_1_32' title='bbox 1184 1120 1281 1201; x_wconf 85' lang='lat' dir='ltr'><strong><em>d&#39;un</em></strong></span> <span class='ocrx_word' id='word_1_33' title='bbox 1309 1123 1460 1202; x_wconf 79' lang='lat' dir='ltr'><strong><em>trouble</em></strong></span> <span class='ocrx_word' id='word_1_34' title='bbox 1480 1120 1531 1201; x_wconf 85' lang='lat' dir='ltr'><strong><em>de</em></strong></span> <span class='ocrx_word' id='word_1_35' title='bbox 1546 1128 1654 1228; x_wconf 82' lang='lat' dir='ltr'><strong><em>fait,</em></strong></span> <span class='ocrx_word' id='word_1_36' title='bbox 1685 1144 1727 1204; x_wconf 82' lang='lat' dir='ltr'><strong><em>et</em></strong></span> <span class='ocrx_word' id='word_1_37' title='bbox 1748 1156 1889 1207; x_wconf 82' lang='lat' dir='ltr'><strong><em>encore</em></strong></span> <span class='ocrx_word' id='word_1_38' title='bbox 1910 1130 2045 1234; x_wconf 86' lang='lat' dir='ltr'><strong><em>qne-le</em></strong></span> 
     </span>
     <span class='ocr_line' id='line_1_5' title="bbox 672 1232 2044 1353; baseline 0.008 -36"><span class='ocrx_word' id='word_1_39' title='bbox 672 1242 824 1321; x_wconf 82' lang='lat' dir='ltr'><strong><em>trouble</em></strong></span> <span class='ocrx_word' id='word_1_40' title='bbox 841 1246 905 1323; x_wconf 80' lang='lat' dir='ltr'><strong><em>nit</em></strong></span> <span class='ocrx_word' id='word_1_41' title='bbox 925 1272 975 1323; x_wconf 83' lang='lat' dir='ltr'><strong><em>en</em></strong></span> <span class='ocrx_word' id='word_1_42' title='bbox 995 1244 1074 1323; x_wconf 75' lang='lat' dir='ltr'><strong><em>ltere</em></strong></span> <span class='ocrx_word' id='word_1_43' title='bbox 1095 1273 1177 1325; x_wconf 89' lang='lat' dir='ltr'><strong><em>non</em></strong></span> <span class='ocrx_word' id='word_1_44' title='bbox 1196 1263 1330 1325; x_wconf 80' lang='lat' dir='ltr'><strong><em>contre</em></strong></span> <span class='ocrx_word' id='word_1_45' title='bbox 1350 1232 1680 1353; x_wconf 68' lang='lat' dir='ltr'><strong><em>lepropn&#39;cteir&#39;re,</em></strong></span> <span class='ocrx_word' id='word_1_46' title='bbox 1707 1253 1812 1327; x_wconf 74' lang='lat' dir='ltr'><strong><em>mnis</em></strong></span> <span class='ocrx_word' id='word_1_47' title='bbox 1830 1266 1968 1327; x_wconf 80' lang='lat' dir='ltr'><strong><em>contre</em></strong></span> <span class='ocrx_word' id='word_1_48' title='bbox 1992 1276 2044 1327; x_wconf 88' lang='lat' dir='ltr'><strong><em>un</em></strong></span> 
     </span>
     <span class='ocr_line' id='line_1_6' title="bbox 662 1366 2045 1477; baseline 0.004 -34"><span class='ocrx_word' id='word_1_49' title='bbox 662 1366 828 1463; x_wconf 72' lang='lat' dir='ltr'><strong><em>scrrnrer</em></strong></span> <span class='ocrx_word' id='word_1_50' title='bbox 840 1393 923 1473; x_wconf 84' lang='lat' dir='ltr'><strong><em>por</em></strong></span> <span class='ocrx_word' id='word_1_51' title='bbox 941 1370 1014 1473; x_wconf 84' lang='lat' dir='ltr'><strong><em>qui</em></strong></span> <span class='ocrx_word' id='word_1_52' title='bbox 1031 1367 1345 1475; x_wconf 72' lang='lat' dir='ltr'><strong><em>lepropn&#39;etnc&#39;re</em></strong></span> <span class='ocrx_word' id='word_1_53' title='bbox 1365 1368 1457 1445; x_wconf 88' lang='lat' dir='ltr'><strong><em>n’en</em></strong></span> <span class='ocrx_word' id='word_1_54' title='bbox 1475 1396 1507 1447; x_wconf 83' lang='lat' dir='ltr'><strong><em>a</em></strong></span> <span class='ocrx_word' id='word_1_55' title='bbox 1524 1396 1607 1477; x_wconf 85' lang='lat' dir='ltr'><strong><em>pos</em></strong></span> <span class='ocrx_word' id='word_1_56' title='bbox 1626 1398 1678 1447; x_wconf 86' lang='lat' dir='ltr'><strong><em>en</em></strong></span> <span class='ocrx_word' id='word_1_57' title='bbox 1695 1373 1788 1449; x_wconf 66' lang='lat' dir='ltr'><strong><em>nors.</em></strong></span> <span class='ocrx_word' id='word_1_58' title='bbox 1814 1371 1863 1449; x_wconf 95' lang='lat' dir='ltr'><strong><em>Id</em></strong></span> <span class='ocrx_word' id='word_1_59' title='bbox 1881 1388 2045 1465; x_wconf 81' lang='lat' dir='ltr'><strong><em>tamen,</em></strong></span> 
     </span>
     <span class='ocr_line' id='line_1_7' title="bbox 673 1484 2046 1602; baseline 0.004 -38"><span class='ocrx_word' id='word_1_60' title='bbox 673 1484 787 1595; x_wconf 92' lang='lat' dir='ltr'><strong><em>quod</em></strong></span> <span class='ocrx_word' id='word_1_61' title='bbox 810 1485 1095 1565; x_wconf 80' lang='lat' dir='ltr'><strong><em>affirmandum</em></strong></span> <span class='ocrx_word' id='word_1_62' title='bbox 1113 1506 1322 1594; x_wconf 83' lang='lat' dir='ltr'><strong><em>putamus,</em></strong></span> <span class='ocrx_word' id='word_1_63' title='bbox 1341 1488 1495 1593; x_wconf 80' lang='lat' dir='ltr'><strong><em>potitur</em></strong></span> <span class='ocrx_word' id='word_1_64' title='bbox 1513 1494 1789 1599; x_wconf 85' lang='lat' dir='ltr'><strong><em>exceptionem</em></strong></span> <span class='ocrx_word' id='word_1_65' title='bbox 1815 1520 1931 1591; x_wconf 84' lang='lat' dir='ltr'><strong><em>casu,</em></strong></span> <span class='ocrx_word' id='word_1_66' title='bbox 1959 1518 2046 1602; x_wconf 93' lang='lat' dir='ltr'><strong><em>quo</em></strong></span> 
     </span>
     <span class='ocr_line' id='line_1_8' title="bbox 673 1606 2047 1715; baseline 0.004 -30"><span class='ocrx_word' id='word_1_67' title='bbox 673 1608 766 1715; x_wconf 91' lang='lat' dir='ltr'><strong><em>quis</em></strong></span> <span class='ocrx_word' id='word_1_68' title='bbox 776 1608 1027 1713; x_wconf 88' lang='lat' dir='ltr'><strong><em>possessione</em></strong></span> <span class='ocrx_word' id='word_1_69' title='bbox 1038 1610 1079 1685; x_wconf 91' lang='lat' dir='ltr'><strong><em>vi</em></strong></span> <span class='ocrx_word' id='word_1_70' title='bbox 1090 1606 1414 1714; x_wconf 82' lang='lat' dir='ltr'><strong><em>dejicitur3nam,</em></strong></span> <span class='ocrx_word' id='word_1_71' title='bbox 1425 1626 1472 1688; x_wconf 94' lang='lat' dir='ltr'><strong><em>ut</em></strong></span> <span class='ocrx_word' id='word_1_72' title='bbox 1479 1610 1600 1691; x_wconf 85' lang='lat' dir='ltr'><strong><em>habet</em></strong></span> <span class='ocrx_word' id='word_1_73' title='bbox 1613 1632 1684 1692; x_wconf 85' lang='lat' dir='ltr'><strong><em>art.</em></strong></span> <span class='ocrx_word' id='word_1_74' title='bbox 1704 1613 1808 1695; x_wconf 76' lang='lat'><strong><em>2233</em></strong></span> <span class='ocrx_word' id='word_1_75' title='bbox 1826 1612 1927 1693; x_wconf 86' lang='lat' dir='ltr'><strong><em>cod.</em></strong></span> <span class='ocrx_word' id='word_1_76' title='bbox 1943 1614 2047 1713; x_wconf 74' lang='lat' dir='ltr'><strong><em>civ,</em></strong></span> 
     </span>
     <span class='ocr_line' id='line_1_9' title="bbox 675 1728 2048 1840; baseline 0.005 -37"><span class='ocrx_word' id='word_1_77' title='bbox 675 1728 729 1803; x_wconf 85' lang='lat' dir='ltr'><strong><em>les</em></strong></span> <span class='ocrx_word' id='word_1_78' title='bbox 747 1744 856 1806; x_wconf 84' lang='lat' dir='ltr'><strong><em>actes</em></strong></span> <span class='ocrx_word' id='word_1_79' title='bbox 870 1728 925 1839; x_wconf 65' lang='lat' dir='ltr'><strong><em>de</em></strong></span> <span class='ocrx_word' id='word_1_80' title='bbox 932 1730 1110 1809; x_wconf 70' lang='lat' dir='ltr'><strong><em>violence</em></strong></span> <span class='ocrx_word' id='word_1_81' title='bbox 1127 1758 1177 1807; x_wconf 90' lang='lat' dir='ltr'><strong><em>ne</em></strong></span> <span class='ocrx_word' id='word_1_82' title='bbox 1186 1731 1513 1837; x_wconf 76' lang='lat' dir='ltr'><strong><em>penventstrnder</em></strong></span> <span class='ocrx_word' id='word_1_83' title='bbox 1533 1762 1611 1811; x_wconf 87' lang='lat' dir='ltr'><strong><em>non</em></strong></span> <span class='ocrx_word' id='word_1_84' title='bbox 1617 1736 1717 1839; x_wconf 82' lang='lat' dir='ltr'><strong><em>plus</em></strong></span> <span class='ocrx_word' id='word_1_85' title='bbox 1731 1763 1809 1813; x_wconf 85' lang='lat' dir='ltr'><strong><em>une</em></strong></span> <span class='ocrx_word' id='word_1_86' title='bbox 1816 1736 2048 1840; x_wconf 81' lang='lat' dir='ltr'><strong><em>possessron</em></strong></span> 
     </span>
     <span class='ocr_line' id='line_1_10' title="bbox 674 1830 2046 1960; baseline 0.004 -35"><span class='ocrx_word' id='word_1_87' title='bbox 674 1850 845 1957; x_wconf 82' lang='lat' dir='ltr'><strong><em>capable</em></strong></span> <span class='ocrx_word' id='word_1_88' title='bbox 867 1830 1046 1958; x_wconf 67' lang='lat' dir='ltr'><strong><em>d&#39;opierer</em></strong></span> <span class='ocrx_word' id='word_1_89' title='bbox 1072 1852 1116 1929; x_wconf 83' lang='lat' dir='ltr'><strong><em>ln</em></strong></span> <span class='ocrx_word' id='word_1_90' title='bbox 1139 1856 1414 1960; x_wconf 72' lang='lat' dir='ltr'><strong><em>prescnptton.</em></strong></span> <span class='ocrx_word' id='word_1_91' title='bbox 1435 1854 1527 1933; x_wconf 82' lang='lat' dir='ltr'><strong><em>Haec</em></strong></span> <span class='ocrx_word' id='word_1_92' title='bbox 1548 1882 1642 1934; x_wconf 87' lang='lat' dir='ltr'><strong><em>cum</em></strong></span> <span class='ocrx_word' id='word_1_93' title='bbox 1666 1857 1721 1935; x_wconf 79' lang='lat' dir='ltr'><strong><em>ito</em></strong></span> <span class='ocrx_word' id='word_1_94' title='bbox 1754 1856 1856 1951; x_wconf 92' lang='lat' dir='ltr'><strong><em>sint,</em></strong></span> <span class='ocrx_word' id='word_1_95' title='bbox 1879 1880 2046 1933; x_wconf 89' lang='lat' dir='ltr'><strong><em>necesse</em></strong></span> 
     </span>
     <span class='ocr_line' id='line_1_11' title="bbox 674 1974 2049 2083; baseline 0.001 -34"><span class='ocrx_word' id='word_1_96' title='bbox 674 1988 753 2071; x_wconf 90' lang='lat' dir='ltr'><strong><em>est,</em></strong></span> <span class='ocrx_word' id='word_1_97' title='bbox 772 1990 818 2051; x_wconf 92' lang='lat' dir='ltr'><strong><em>ut</em></strong></span> <span class='ocrx_word' id='word_1_98' title='bbox 834 1976 890 2071; x_wconf 91' lang='lat' dir='ltr'><strong><em>is,</em></strong></span> <span class='ocrx_word' id='word_1_99' title='bbox 909 1975 981 2083; x_wconf 92' lang='lat' dir='ltr'><strong><em>qui</em></strong></span> <span class='ocrx_word' id='word_1_100' title='bbox 1004 1977 1257 2081; x_wconf 80' lang='lat' dir='ltr'><strong><em>possessione</em></strong></span> <span class='ocrx_word' id='word_1_101' title='bbox 1276 1978 1348 2055; x_wconf 72' lang='lat' dir='ltr'><strong><em>sud</em></strong></span> <span class='ocrx_word' id='word_1_102' title='bbox 1369 1978 1409 2055; x_wconf 79' lang='lat' dir='ltr'><strong><em>vi</em></strong></span> <span class='ocrx_word' id='word_1_103' title='bbox 1430 1976 1633 2083; x_wconf 80' lang='lat' dir='ltr'><strong><em>dejicitur,</em></strong></span> <span class='ocrx_word' id='word_1_104' title='bbox 1653 1977 1886 2056; x_wconf 78' lang='lat' dir='ltr'><strong><em>admittatur</em></strong></span> <span class='ocrx_word' id='word_1_105' title='bbox 1905 1974 1959 2055; x_wconf 85' lang='lat' dir='ltr'><strong><em>ad</em></strong></span> <span class='ocrx_word' id='word_1_106' title='bbox 1982 2002 2049 2053; x_wconf 86' lang='lat' dir='ltr'><strong><em>ac·</em></strong></span> 
     </span>
     <span class='ocr_line' id='line_1_12' title="bbox 674 2092 2052 2201; baseline 0.002 -30"><span class='ocrx_word' id='word_1_107' title='bbox 674 2092 829 2172; x_wconf 87' lang='lat' dir='ltr'><strong><em>tionem</em></strong></span> <span class='ocrx_word' id='word_1_108' title='bbox 846 2098 1130 2201; x_wconf 77' lang='lat' dir='ltr'><strong><em>possessorium</em></strong></span> <span class='ocrx_word' id='word_1_109' title='bbox 1149 2098 1445 2197; x_wconf 74' lang='lat' dir='ltr'><strong><em>intentandum,</em></strong></span> <span class='ocrx_word' id='word_1_110' title='bbox 1468 2098 1563 2177; x_wconf 86' lang='lat' dir='ltr'><strong><em>licet</em></strong></span> <span class='ocrx_word' id='word_1_111' title='bbox 1580 2098 1728 2178; x_wconf 87' lang='lat' dir='ltr'><strong><em>abhinc</em></strong></span> <span class='ocrx_word' id='word_1_112' title='bbox 1751 2099 1913 2201; x_wconf 82' lang='lat' dir='ltr'><strong><em>integro</em></strong></span> <span class='ocrx_word' id='word_1_113' title='bbox 1940 2123 2052 2175; x_wconf 82' lang='lat' dir='ltr'><strong><em>anno</em></strong></span> 
     </span>
     <span class='ocr_line' id='line_1_13' title="bbox 676 2214 2052 2327; baseline -0.002 -32"><span class='ocrx_word' id='word_1_114' title='bbox 676 2214 930 2323; x_wconf 83' lang='lat' dir='ltr'><strong><em>perturbatio</em></strong></span> <span class='ocrx_word' id='word_1_115' title='bbox 952 2216 1088 2297; x_wconf 91' lang='lat' dir='ltr'><strong><em>locum</em></strong></span> <span class='ocrx_word' id='word_1_116' title='bbox 1109 2217 1317 2317; x_wconf 81' lang='lat' dir='ltr'><strong><em>habuerit,</em></strong></span> <span class='ocrx_word' id='word_1_117' title='bbox 1338 2221 1534 2327; x_wconf 85' lang='lat' dir='ltr'><strong><em>quoniam</em></strong></span> <span class='ocrx_word' id='word_1_118' title='bbox 1561 2246 1611 2299; x_wconf 86' lang='lat' dir='ltr'><strong><em>ex</em></strong></span> <span class='ocrx_word' id='word_1_119' title='bbox 1637 2236 1708 2297; x_wconf 77' lang='lat' dir='ltr'><strong><em>art</em></strong></span> <span class='ocrx_word' id='word_1_120' title='bbox 1732 2218 1783 2297; x_wconf 77' lang='lat'><strong><em>23</em></strong></span> <span class='ocrx_word' id='word_1_121' title='bbox 1809 2215 1914 2309; x_wconf 86' lang='lat' dir='ltr'><strong><em>Cod.</em></strong></span> <span class='ocrx_word' id='word_1_122' title='bbox 1938 2218 2052 2293; x_wconf 88' lang='lat' dir='ltr'><strong><em>Proc.</em></strong></span> 
     </span>
     <span class='ocr_line' id='line_1_14' title="bbox 674 2335 2054 2447; baseline -0.003 -30"><span class='ocrx_word' id='word_1_123' title='bbox 674 2340 1028 2447; x_wconf 85' lang='lat' dir='ltr'><strong><em>octiopossessorin</em></strong></span> <span class='ocrx_word' id='word_1_124' title='bbox 1038 2356 1178 2419; x_wconf 85' lang='lat' dir='ltr'><strong><em>contra</em></strong></span> <span class='ocrx_word' id='word_1_125' title='bbox 1187 2339 1482 2445; x_wconf 72' lang='lat' dir='ltr'><strong><em>praecedentem</em></strong></span> <span class='ocrx_word' id='word_1_126' title='bbox 1492 2363 1764 2446; x_wconf 88' lang='lat' dir='ltr'><strong><em>possessorem</em></strong></span> <span class='ocrx_word' id='word_1_127' title='bbox 1775 2335 1959 2416; x_wconf 78' lang='lat' dir='ltr'><strong><em>exerceri</em></strong></span> <span class='ocrx_word' id='word_1_128' title='bbox 1969 2362 2054 2414; x_wconf 92' lang='lat' dir='ltr'><strong><em>non</em></strong></span> 
     </span>
     <span class='ocr_line' id='line_1_15' title="bbox 674 2460 2055 2567; baseline -0.002 -28"><span class='ocrx_word' id='word_1_129' title='bbox 674 2462 819 2567; x_wconf 80' lang='lat' dir='ltr'><strong><em>possit,</em></strong></span> <span class='ocrx_word' id='word_1_130' title='bbox 841 2462 874 2539; x_wconf 90' lang='lat' dir='ltr'><strong><em>si</em></strong></span> <span class='ocrx_word' id='word_1_131' title='bbox 901 2485 1031 2540; x_wconf 88' lang='lat' dir='ltr'><strong><em>novus</em></strong></span> <span class='ocrx_word' id='word_1_132' title='bbox 1053 2486 1260 2567; x_wconf 88' lang='lat' dir='ltr'><strong><em>possessor</em></strong></span> <span class='ocrx_word' id='word_1_133' title='bbox 1290 2485 1364 2564; x_wconf 89' lang='lat' dir='ltr'><strong><em>per</em></strong></span> <span class='ocrx_word' id='word_1_134' title='bbox 1389 2484 1541 2537; x_wconf 86' lang='lat' dir='ltr'><strong><em>annum</em></strong></span> <span class='ocrx_word' id='word_1_135' title='bbox 1564 2460 1772 2562; x_wconf 84' lang='lat' dir='ltr'><strong><em>integrum</em></strong></span> <span class='ocrx_word' id='word_1_136' title='bbox 1796 2475 1944 2564; x_wconf 83' lang='lat' dir='ltr'><strong><em>pacate</em></strong></span> <span class='ocrx_word' id='word_1_137' title='bbox 1971 2482 2055 2536; x_wconf 90' lang='lat' dir='ltr'><strong><em>non</em></strong></span> 
     </span>
     <span class='ocr_line' id='line_1_16' title="bbox 673 2577 2056 2687; baseline 0 -32"><span class='ocrx_word' id='word_1_138' title='bbox 673 2579 905 2683; x_wconf 84' lang='lat' dir='ltr'><strong><em>possederit.</em></strong></span> <span class='ocrx_word' id='word_1_139' title='bbox 916 2578 1038 2657; x_wconf 86' lang='lat' dir='ltr'><strong><em>Aliud</em></strong></span> <span class='ocrx_word' id='word_1_140' title='bbox 1048 2578 1169 2677; x_wconf 85' lang='lat' dir='ltr'><strong><em>foret,</em></strong></span> <span class='ocrx_word' id='word_1_141' title='bbox 1187 2580 1221 2653; x_wconf 92' lang='lat' dir='ltr'><strong><em>si</em></strong></span> <span class='ocrx_word' id='word_1_142' title='bbox 1233 2578 1382 2655; x_wconf 82' lang='lat' dir='ltr'><strong><em>abhinc</em></strong></span> <span class='ocrx_word' id='word_1_143' title='bbox 1397 2580 1557 2683; x_wconf 78' lang='lat' dir='ltr'><strong><em>integro</em></strong></span> <span class='ocrx_word' id='word_1_144' title='bbox 1575 2604 1684 2655; x_wconf 86' lang='lat' dir='ltr'><strong><em>anno</em></strong></span> <span class='ocrx_word' id='word_1_145' title='bbox 1701 2577 2056 2687; x_wconf 64' lang='lat' dir='ltr'><strong><em>possessiosuerit</em></strong></span> 
     </span>
     <span class='ocr_line' id='line_1_17' title="bbox 673 2698 2055 2806; baseline 0.001 -31"><span class='ocrx_word' id='word_1_146' title='bbox 673 2698 1026 2799; x_wconf 81' lang='lat' dir='ltr'><strong><em>interversa.q11in</em></strong></span> <span class='ocrx_word' id='word_1_147' title='bbox 1044 2727 1071 2781; x_wconf 81' lang='lat' dir='ltr'><strong><em>n</em></strong></span> <span class='ocrx_word' id='word_1_148' title='bbox 1087 2714 1297 2780; x_wconf 83' lang='lat' dir='ltr'><strong><em>momento</em></strong></span> <span class='ocrx_word' id='word_1_149' title='bbox 1320 2699 1624 2778; x_wconf 83' lang='lat' dir='ltr'><strong><em>interversionis</em></strong></span> <span class='ocrx_word' id='word_1_150' title='bbox 1648 2698 1847 2806; x_wconf 89' lang='lat' dir='ltr'><strong><em>possessio</em></strong></span> <span class='ocrx_word' id='word_1_151' title='bbox 1878 2725 2055 2806; x_wconf 83' lang='lat' dir='ltr'><strong><em>occupa·</em></strong></span> 
     </span>
     <span class='ocr_line' id='line_1_18' title="bbox 674 2808 1723 2926; baseline 0.001 -29"><span class='ocrx_word' id='word_1_152' title='bbox 674 2820 773 2897; x_wconf 87' lang='lat' dir='ltr'><strong><em>toris</em></strong></span> <span class='ocrx_word' id='word_1_153' title='bbox 793 2813 936 2925; x_wconf 87' lang='lat' dir='ltr'><strong><em>incipit</em></strong></span> <span class='ocrx_word' id='word_1_154' title='bbox 956 2808 1007 2891; x_wconf 84' lang='lat' dir='ltr'><strong><em>nd</em></strong></span> <span class='ocrx_word' id='word_1_155' title='bbox 1025 2810 1368 2921; x_wconf 75' lang='lat' dir='ltr'><strong><em>praescriptionem</em></strong></span> <span class='ocrx_word' id='word_1_156' title='bbox 1390 2842 1474 2898; x_wconf 87' lang='lat' dir='ltr'><strong><em>esse</em></strong></span> <span class='ocrx_word' id='word_1_157' title='bbox 1494 2818 1672 2926; x_wconf 82' lang='lat' dir='ltr'><strong><em>efficax(</em></strong></span> <span class='ocrx_word' id='word_1_158' title='bbox 1695 2822 1723 2924; x_wconf 84' lang='lat'><strong><em>).</em></strong></span> 
     </span>
    </p>
   </div>
   <div class='ocr_carea' id='block_1_3' title="bbox 589 3054 2054 4389">
    <p class='ocr_par' dir='ltr' id='par_1_3' title="bbox 589 3054 2054 4389">
     <span class='ocr_line' id='line_1_19' title="bbox 745 3054 2054 3167; baseline -0.001 -26"><span class='ocrx_word' id='word_1_159' title='bbox 745 3062 789 3142; x_wconf 92' lang='lat' dir='ltr'><strong><em>Si</em></strong></span> <span class='ocrx_word' id='word_1_160' title='bbox 815 3062 972 3139; x_wconf 76' lang='lat' dir='ltr'><strong><em>actione</em></strong></span> <span class='ocrx_word' id='word_1_161' title='bbox 994 3058 1239 3167; x_wconf 77' lang='lat' dir='ltr'><strong><em>possessorid</em></strong></span> <span class='ocrx_word' id='word_1_162' title='bbox 1264 3056 1421 3137; x_wconf 77' lang='lat' dir='ltr'><strong><em>intensd</em></strong></span> <span class='ocrx_word' id='word_1_163' title='bbox 1442 3054 1666 3163; x_wconf 82' lang='lat' dir='ltr'><strong><em>denegetur</em></strong></span> <span class='ocrx_word' id='word_1_164' title='bbox 1683 3061 1911 3166; x_wconf 73' lang='lat' dir='ltr'><strong><em>possessio,</em></strong></span> <span class='ocrx_word' id='word_1_165' title='bbox 1937 3078 1986 3140; x_wconf 87' lang='lat' dir='ltr'><strong><em>ut</em></strong></span> <span class='ocrx_word' id='word_1_166' title='bbox 2021 3066 2054 3140; x_wconf 88' lang='lat' dir='ltr'><strong><em>si</em></strong></span> 
     </span>
     <span class='ocr_line' id='line_1_20' title="bbox 675 3176 2054 3289; baseline -0.005 -24"><span class='ocrx_word' id='word_1_167' title='bbox 675 3206 769 3265; x_wconf 86' lang='lat' dir='ltr'><strong><em>reus</em></strong></span> <span class='ocrx_word' id='word_1_168' title='bbox 794 3185 1010 3283; x_wconf 82' lang='lat' dir='ltr'><strong><em>sustinent,</em></strong></span> <span class='ocrx_word' id='word_1_169' title='bbox 1035 3206 1306 3289; x_wconf 89' lang='lat' dir='ltr'><strong><em>possessorem</em></strong></span> <span class='ocrx_word' id='word_1_170' title='bbox 1333 3176 1518 3259; x_wconf 90' lang='lat' dir='ltr'><strong><em>nondum</em></strong></span> <span class='ocrx_word' id='word_1_171' title='bbox 1549 3207 1623 3288; x_wconf 91' lang='lat' dir='ltr'><strong><em>per</em></strong></span> <span class='ocrx_word' id='word_1_172' title='bbox 1659 3208 1812 3261; x_wconf 85' lang='lat' dir='ltr'><strong><em>annum</em></strong></span> <span class='ocrx_word' id='word_1_173' title='bbox 1843 3182 2054 3287; x_wconf 84' lang='lat' dir='ltr'><strong><em>integrum</em></strong></span> 
     </span>
     <span class='ocr_line' id='line_1_21' title="bbox 677 3296 2052 3415; baseline -0.002 -30"><span class='ocrx_word' id='word_1_174' title='bbox 677 3304 920 3415; x_wconf 86' lang='lat' dir='ltr'><strong><em>possedisse,</em></strong></span> <span class='ocrx_word' id='word_1_175' title='bbox 935 3321 1005 3383; x_wconf 81' lang='lat' dir='ltr'><strong><em>eut</em></strong></span> <span class='ocrx_word' id='word_1_176' title='bbox 1022 3308 1056 3383; x_wconf 91' lang='lat' dir='ltr'><strong><em>si</em></strong></span> <span class='ocrx_word' id='word_1_177' title='bbox 1073 3296 1327 3412; x_wconf 66' lang='lat' dir='ltr'><strong><em>perturbetio</em></strong></span> <span class='ocrx_word' id='word_1_178' title='bbox 1346 3300 1590 3407; x_wconf 82' lang='lat' dir='ltr'><strong><em>denegetur,</em></strong></span> <span class='ocrx_word' id='word_1_179' title='bbox 1607 3303 1671 3382; x_wconf 82' lang='lat' dir='ltr'><strong><em>vel</em></strong></span> <span class='ocrx_word' id='word_1_180' title='bbox 1685 3306 1781 3413; x_wconf 83' lang='lat' dir='ltr'><strong><em>quia</em></strong></span> <span class='ocrx_word' id='word_1_181' title='bbox 1799 3330 1898 3384; x_wconf 88' lang='lat' dir='ltr'><strong><em>reus</em></strong></span> <span class='ocrx_word' id='word_1_182' title='bbox 1907 3332 1952 3384; x_wconf 93' lang='lat' dir='ltr'><strong><em>se</em></strong></span> <span class='ocrx_word' id='word_1_183' title='bbox 1968 3328 2052 3382; x_wconf 84' lang='lat' dir='ltr'><strong><em>eam</em></strong></span> 
     </span>
     <span class='ocr_line' id='line_1_22' title="bbox 679 3424 2046 3535; baseline -0.004 -27"><span class='ocrx_word' id='word_1_184' title='bbox 679 3430 924 3509; x_wconf 87' lang='lat' dir='ltr'><strong><em>commisisse</em></strong></span> <span class='ocrx_word' id='word_1_185' title='bbox 953 3440 1099 3533; x_wconf 78' lang='lat' dir='ltr'><strong><em>negot,</em></strong></span> <span class='ocrx_word' id='word_1_186' title='bbox 1128 3426 1193 3507; x_wconf 81' lang='lat' dir='ltr'><strong><em>vel</em></strong></span> <span class='ocrx_word' id='word_1_187' title='bbox 1219 3427 1315 3535; x_wconf 86' lang='lat' dir='ltr'><strong><em>quia</em></strong></span> <span class='ocrx_word' id='word_1_188' title='bbox 1342 3427 1513 3533; x_wconf 89' lang='lat' dir='ltr'><strong><em>ipsemet</em></strong></span> <span class='ocrx_word' id='word_1_189' title='bbox 1537 3442 1649 3503; x_wconf 87' lang='lat' dir='ltr'><strong><em>actor</em></strong></span> <span class='ocrx_word' id='word_1_190' title='bbox 1676 3424 1792 3504; x_wconf 92' lang='lat' dir='ltr'><strong><em>dedit</em></strong></span> <span class='ocrx_word' id='word_1_191' title='bbox 1819 3430 1857 3504; x_wconf 88' lang='lat' dir='ltr'><strong><em>ei</em></strong></span> <span class='ocrx_word' id='word_1_192' title='bbox 1891 3426 2046 3519; x_wconf 88' lang='lat' dir='ltr'><strong><em>locum,</em></strong></span> 
     </span>
     <span class='ocr_line' id='line_1_23' title="bbox 679 3545 2050 3655; baseline -0.007 -27"><span class='ocrx_word' id='word_1_193' title='bbox 679 3550 945 3629; x_wconf 84' lang='lat' dir='ltr'><strong><em>constituatur</em></strong></span> <span class='ocrx_word' id='word_1_194' title='bbox 967 3574 1127 3629; x_wconf 85' lang='lat' dir='ltr'><strong><em>necesse</em></strong></span> <span class='ocrx_word' id='word_1_195' title='bbox 1156 3564 1217 3626; x_wconf 89' lang='lat' dir='ltr'><strong><em>est</em></strong></span> <span class='ocrx_word' id='word_1_196' title='bbox 1238 3545 1404 3655; x_wconf 82' lang='lat' dir='ltr'><strong><em>quaestio</em></strong></span> <span class='ocrx_word' id='word_1_197' title='bbox 1437 3550 1538 3651; x_wconf 89' lang='lat' dir='ltr'><strong><em>(une</em></strong></span> <span class='ocrx_word' id='word_1_198' title='bbox 1568 3547 1785 3655; x_wconf 74' lang='lat' dir='ltr'><strong><em>enquete),</em></strong></span> <span class='ocrx_word' id='word_1_199' title='bbox 1816 3574 1910 3653; x_wconf 84' lang='lat' dir='ltr'><strong><em>quae</em></strong></span> <span class='ocrx_word' id='word_1_200' title='bbox 1936 3546 2050 3622; x_wconf 76' lang='lat' dir='ltr'><strong><em>nulio</em></strong></span> 
     </span>
     <span class='ocr_line' id='line_1_24' title="bbox 589 3667 2048 3779; baseline -0.011 -25"><span class='ocrx_word' id='word_1_201' title='bbox 589 3724 594 3737; x_wconf 87' lang='lat'><strong><em>.</em></strong></span> <span class='ocrx_word' id='word_1_202' title='bbox 673 3670 804 3753; x_wconf 78' lang='lat' dir='ltr'><strong><em>‘modo</em></strong></span> <span class='ocrx_word' id='word_1_203' title='bbox 821 3670 886 3779; x_wconf 88' lang='lat' dir='ltr'><strong><em>jus</em></strong></span> <span class='ocrx_word' id='word_1_204' title='bbox 906 3673 1164 3778; x_wconf 82' lang='lat' dir='ltr'><strong><em>proprietatis</em></strong></span> <span class='ocrx_word' id='word_1_205' title='bbox 1180 3670 1409 3770; x_wconf 89' lang='lat' dir='ltr'><strong><em>concernit,</em></strong></span> <span class='ocrx_word' id='word_1_206' title='bbox 1426 3669 1496 3748; x_wconf 89' lang='lat' dir='ltr'><strong><em>sed</em></strong></span> <span class='ocrx_word' id='word_1_207' title='bbox 1515 3667 1663 3748; x_wconf 87' lang='lat' dir='ltr'><strong><em>factum</em></strong></span> <span class='ocrx_word' id='word_1_208' title='bbox 1680 3667 1939 3774; x_wconf 87' lang='lat' dir='ltr'><strong><em>possessionis</em></strong></span> <span class='ocrx_word' id='word_1_209' title='bbox 1958 3678 2048 3739; x_wconf 93' lang='lat' dir='ltr'><strong><em>tur·</em></strong></span> 
     </span>
     <span class='ocr_line' id='line_1_25' title="bbox 679 3782 2047 3901; baseline -0.019 -23"><span class='ocrx_word' id='word_1_210' title='bbox 679 3795 856 3878; x_wconf 83' lang='lat' dir='ltr'><strong><em>bationis</em></strong></span> <span class='ocrx_word' id='word_1_211' title='bbox 875 3795 941 3873; x_wconf 85' lang='lat' dir='ltr'><strong><em>vel</em></strong></span> <span class='ocrx_word' id='word_1_212' title='bbox 961 3792 1211 3901; x_wconf 86' lang='lat' dir='ltr'><strong><em>spoliationis</em></strong></span> <span class='ocrx_word' id='word_1_213' title='bbox 1227 3820 1301 3901; x_wconf 90' lang='lat' dir='ltr'><strong><em>per</em></strong></span> <span class='ocrx_word' id='word_1_214' title='bbox 1318 3808 1438 3872; x_wconf 89' lang='lat' dir='ltr'><strong><em>testes</em></strong></span> <span class='ocrx_word' id='word_1_215' title='bbox 1455 3791 1618 3899; x_wconf 81' lang='lat' dir='ltr'><strong><em>probari</em></strong></span> <span class='ocrx_word' id='word_1_216' title='bbox 1635 3805 1767 3896; x_wconf 89' lang='lat' dir='ltr'><strong><em>potest</em></strong></span> <span class='ocrx_word' id='word_1_217' title='bbox 1783 3800 1854 3860; x_wconf 85' lang='lat' dir='ltr'><strong><em>art.</em></strong></span> <span class='ocrx_word' id='word_1_218' title='bbox 1872 3782 1927 3878; x_wconf 70' lang='lat'><strong><em>24</em></strong></span> <span class='ocrx_word' id='word_1_219' title='bbox 1945 3782 2047 3862; x_wconf 92' lang='lat' dir='ltr'><strong><em>Cod.</em></strong></span> 
     </span>
     <span class='ocr_line' id='line_1_26' title="bbox 680 3898 2046 4021; baseline -0.014 -22"><span class='ocrx_word' id='word_1_220' title='bbox 680 3920 789 3999; x_wconf 90' lang='lat' dir='ltr'><strong><em>Proc.</em></strong></span> <span class='ocrx_word' id='word_1_221' title='bbox 810 3918 916 3997; x_wconf 90' lang='lat' dir='ltr'><strong><em>Hinc</em></strong></span> <span class='ocrx_word' id='word_1_222' title='bbox 937 3916 972 3995; x_wconf 90' lang='lat' dir='ltr'><strong><em>si</em></strong></span> <span class='ocrx_word' id='word_1_223' title='bbox 993 3942 1086 3995; x_wconf 87' lang='lat' dir='ltr'><strong><em>reus</em></strong></span> <span class='ocrx_word' id='word_1_224' title='bbox 1109 3916 1153 3993; x_wconf 91' lang='lat' dir='ltr'><strong><em>in</em></strong></span> <span class='ocrx_word' id='word_1_225' title='bbox 1171 3898 1328 3995; x_wconf 76' lang='lat' dir='ltr'><strong><em>adtione</em></strong></span> <span class='ocrx_word' id='word_1_226' title='bbox 1344 3912 1584 4021; x_wconf 67' lang='lat' dir='ltr'><strong><em>possessorio</em></strong></span> <span class='ocrx_word' id='word_1_227' title='bbox 1601 3904 1774 4012; x_wconf 86' lang='lat' dir='ltr'><strong><em>excipiat</em></strong></span> <span class='ocrx_word' id='word_1_228' title='bbox 1792 3902 1950 4009; x_wconf 90' lang='lat' dir='ltr'><strong><em>dejure</em></strong></span> <span class='ocrx_word' id='word_1_229' title='bbox 1971 3930 2046 3981; x_wconf 92' lang='lat' dir='ltr'><strong><em>suo</em></strong></span> 
     </span>
     <span class='ocr_line' id='line_1_27' title="bbox 681 4032 2047 4152; baseline -0.015 -29"><span class='ocrx_word' id='word_1_230' title='bbox 681 4039 956 4152; x_wconf 83' lang='lat' dir='ltr'><strong><em>proprietatis,</em></strong></span> <span class='ocrx_word' id='word_1_231' title='bbox 975 4039 1156 4144; x_wconf 85' lang='lat' dir='ltr'><strong><em>exceptio</em></strong></span> <span class='ocrx_word' id='word_1_232' title='bbox 1178 4036 1246 4115; x_wconf 87' lang='lat' dir='ltr'><strong><em>illa</em></strong></span> <span class='ocrx_word' id='word_1_233' title='bbox 1268 4063 1352 4115; x_wconf 91' lang='lat' dir='ltr'><strong><em>non</em></strong></span> <span class='ocrx_word' id='word_1_234' title='bbox 1381 4034 1458 4111; x_wconf 92' lang='lat' dir='ltr'><strong><em>nisi</em></strong></span> <span class='ocrx_word' id='word_1_235' title='bbox 1481 4032 1772 4138; x_wconf 83' lang='lat' dir='ltr'><strong><em>proprietatem</em></strong></span> <span class='ocrx_word' id='word_1_236' title='bbox 1800 4052 2047 4106; x_wconf 85' lang='lat' dir='ltr'><strong><em>concernens</em></strong></span> 
     </span>
     <span class='ocr_line' id='line_1_28' title="bbox 681 4145 2045 4271; baseline -0.015 -28"><span class='ocrx_word' id='word_1_237' title='bbox 681 4190 767 4243; x_wconf 91' lang='lat' dir='ltr'><strong><em>uon</em></strong></span> <span class='ocrx_word' id='word_1_238' title='bbox 784 4158 999 4271; x_wconf 89' lang='lat' dir='ltr'><strong><em>impediet,</em></strong></span> <span class='ocrx_word' id='word_1_239' title='bbox 1017 4160 1237 4268; x_wconf 90' lang='lat' dir='ltr'><strong><em>quominus</em></strong></span> <span class='ocrx_word' id='word_1_240' title='bbox 1255 4156 1404 4237; x_wconf 78' lang='lat' dir='ltr'><strong><em>fectum</em></strong></span> <span class='ocrx_word' id='word_1_241' title='bbox 1419 4149 1678 4261; x_wconf 83' lang='lat' dir='ltr'><strong><em>possessionis</em></strong></span> <span class='ocrx_word' id='word_1_242' title='bbox 1695 4150 1874 4256; x_wconf 90' lang='lat' dir='ltr'><strong><em>primum</em></strong></span> <span class='ocrx_word' id='word_1_243' title='bbox 1892 4145 2045 4253; x_wconf 84' lang='lat' dir='ltr'><strong><em>judice·</em></strong></span> 
     </span>
     <span class='ocr_line' id='line_1_29' title="bbox 682 4265 2042 4389; baseline -0.016 -24"><span class='ocrx_word' id='word_1_244' title='bbox 682 4300 782 4389; x_wconf 88' lang='lat' dir='ltr'><strong><em>tur,</em></strong></span> <span class='ocrx_word' id='word_1_245' title='bbox 816 4282 927 4366; x_wconf 85' lang='lat' dir='ltr'><strong><em>salvo</em></strong></span> <span class='ocrx_word' id='word_1_246' title='bbox 955 4298 1088 4361; x_wconf 79' lang='lat' dir='ltr'><strong><em>tamen</em></strong></span> <span class='ocrx_word' id='word_1_247' title='bbox 1120 4279 1337 4364; x_wconf 76' lang='lat' dir='ltr'><strong><em>adversarii</em></strong></span> <span class='ocrx_word' id='word_1_248' title='bbox 1372 4277 1462 4385; x_wconf 86' lang='lat' dir='ltr'><strong><em>jure</em></strong></span> <span class='ocrx_word' id='word_1_249' title='bbox 1498 4271 1646 4381; x_wconf 82' lang='lat' dir='ltr'><strong><em>agendi</em></strong></span> <span class='ocrx_word' id='word_1_250' title='bbox 1674 4272 1865 4379; x_wconf 87' lang='lat' dir='ltr'><strong><em>petitorio</em></strong></span> <span class='ocrx_word' id='word_1_251' title='bbox 1897 4265 2042 4365; x_wconf 92' lang='lat' dir='ltr'><strong><em>modo,</em></strong></span> 
     </span>
    </p>
   </div>
   <div class='ocr_carea' id='block_1_4' title="bbox 726 4520 1440 4613">
    <p class='ocr_par' dir='ltr' id='par_1_4' title="bbox 726 4520 1440 4613">
     <span class='ocr_line' id='line_1_30' title="bbox 726 4520 1440 4613; baseline 0.01 -24"><span class='ocrx_word' id='word_1_252' title='bbox 726 4526 775 4613; x_wconf 85' lang='lat' dir='ltr'><strong><em>(r)</em></strong></span> <span class='ocrx_word' id='word_1_253' title='bbox 797 4529 837 4593; x_wconf 82' lang='lat' dir='ltr'><strong><em>V.</em></strong></span> <span class='ocrx_word' id='word_1_254' title='bbox 854 4526 1202 4606; x_wconf 80' lang='lat' dir='ltr'><strong><em>Druvrscousr‚&#39;1&#39;om.</em></strong></span> <span class='ocrx_word' id='word_1_255' title='bbox 1218 4526 1263 4605; x_wconf 85' lang='lat'><strong><em>11,</em></strong></span> <span class='ocrx_word' id='word_1_256' title='bbox 1278 4544 1349 4612; x_wconf 67' lang='lat' dir='ltr'><strong><em>pag·</em></strong></span> <span class='ocrx_word' id='word_1_257' title='bbox 1368 4520 1440 4606; x_wconf 84' lang='lat'>857·</span> 
     </span>
    </p>
   </div>
   <div class='ocr_carea' id='block_1_5' title="bbox 0 0 2272 5860">
    <p class='ocr_par' dir='ltr' id='par_1_5' title="bbox 0 0 2272 5860">
     <span class='ocr_line' id='line_1_31' title="bbox 0 0 2272 5860; baseline 0 0"><span class='ocrx_word' id='word_1_258' title='bbox 0 0 2272 5860; x_wconf 95' lang='lat' dir='ltr'><strong><em> </em></strong></span> 
     </span>
    </p>
   </div>
  </div>
 </body>
</html>
