4517 5867
629 631 677 706 3⁸
734 689 739 698 .
920 659 923 663 ·
985 629 1135 702 PETRI
1157 631 1379 707 soum
1400 631 1502 706 DER
1524 635 1632 710 Tou?

1194 862 1226 1003 5
1262 855 1400 966 xm.

674 1080 722 1158 In
749 1101 798 1156 eo
827 1078 962 1188 itaque
988 1077 1161 1158 maxime
1189 1077 1383 1161 Senectus
1405 1107 1427 1160 a
1450 1081 1666 1160 iuventute
1693 1069 1849 1180 differt,
1870 1073 1987 1186 quod

620 1201 705 1278 haec
719 1196 991 1305 adgrediendo
1005 1199 1097 1306 plus
1110 1197 1229 1303 valet,
1246 1200 1313 1281 illa
1330 1200 1594 1310 providendo.
1612 1200 1744 1280 Senex
1762 1221 1987 1308 numquam

619 1322 698 1405 sibi
725 1323 803 1428 ipsi
831 1322 943 1401 deest
974 1349 1108 1432 neque
1135 1323 1179 1402 in
1211 1323 1475 1432 suscipiendis
1501 1321 1624 1403 rebus
1651 1322 1894 1429 praecipitat,
1915 1319 1986 1400 sed

619 1455 778 1550 semper
805 1443 905 1552 quid
926 1445 1053 1547 egerit
1077 1460 1118 1522 et
1140 1442 1241 1552 quid
1267 1443 1466 1549 agendum
1493 1445 1546 1524 sit
1572 1443 1787 1548 diligenter
1811 1467 1994 1548 perpen-

617 1566 699 1660 dit3
720 1565 855 1644 futura
875 1589 969 1643 cum
989 1561 1271 1671 praesentibus,
1289 1567 1506 1672 'praeseutia
1535 1591 1628 1643 cum
1651 1563 1860 1671 praeteritis
1887 1588 1986 1644 con·
2034 1571 2036 1576 ’

614 1684 766 1781 tendit,
787 1701 834 1765 ut
852 1711 924 1765 sua
943 1687 1028 1792 ipse
1044 1686 1210 1766 consilia
1227 1704 1361 1792 regat,
1375 1702 1498 1796 atque
1515 1685 1592 1786 ita,
1610 1686 1807 1792 praeterite
1825 1709 1987 1792 semper

615 1807 811 1887 memorii
829 1807 1031 1907 recolens,
1053 1806 1105 1886 ad
1129 1807 1317 1888 instantia
1338 1824 1522 1916 tempora
1549 1832 1735 1903 sensum,
1763 1805 1816 1884 ad
1843 1805 1985 1886 futura

613 1928 870 2035 prudentiam
885 1930 1102 2036 componit.
1124 1929 1324 2032 Quocirca
1345 1927 1450 2009 bene
1475 1928 1613 2009 docuit
1633 1929 1908 2028 Frumentis,
1927 1926 1983 2006 ad

613 2048 838 2156 parendum
857 2050 1105 2157 juvenilem,
1130 2051 1181 2130 ad
1209 2051 1492 2158 imperandum
1521 2049 1872 2130 senilemaetatem'
1895 2075 1984 2128 esse

612 2170 850 2276 dispositam
878 2185 920 2250 ct
950 2170 1099 2249 salvem
1132 2173 1411 2284 integramque
1440 2172 1613 2252 maxime
1644 2187 1729 2250 esse
1758 2170 1982 2265 civitatem,

612 2317 702 2400 quae
734 2315 878 2372 senum
917 2290 1129 2389 consiliis‚-
1151 2290 1348 2396 juvenum
1373 2307 1521 2372 'autem
1564 2291 1699 2370 armis·
1723 2305 1982 2370 sustentetur.

610 2424 811 2515 Πειθαρχνιὸν
829 2422 889 2515 γὰρ
906 2430 925 2497 ἡ
945 2425 1070 2503 νεότης,
1088 2417 1261 2514 ήΓτμονικὸν
1282 2415 1318 2490 δὲ
1336 2425 1374 2490 τὸ
1392 2434 1508 2518 γῆρας,
1529 2425 1580 2492 καὶ
1598 2426 1718 2517 palte-u
1737 2419 1865 2503 σώζεται
1882 2427 1985 2506 πόλις,

610 2545 681 2610 iulo
701 2545 810 2626 βουλαὶ
836 2545 987 2634 γερόντων
1011 2543 1064 2610 καὶ
1085 2545 1158 2609 νέων
1184 2536 1302 2636 ἀνδρῶν
1325 2545 1512 2635 &pressionem
1537 2544 1648 2636 αἰχμαί
1667 2530 1722 2636 (t)
1746 2559 1756 2608 :
1784 2531 1900 2637 cuj-us
1918 2533 1984 2612 rei

606 2651 806 2730 rationem
826 2647 930 2726 hanc
950 2648 1082 2752 addit,
1102 2649 1219 2754 quod
1238 2651 1453 2729 consilium
1471 2649 1769 2760 prudentiaque
1787 2668 1983 2758 praestent

606 2770 739 2874 vigori
762 2794 991 2874 corporum.
1016 2768 1211 2874 Corporis
1232 2771 1342 2850 enim
1362 2771 1470 2849 vires
1491 2771 1543 2850 ad
1568 2769 1866 2877 propulsandos
1887 2788 1983 2852 tan-

605 2907 696 2970 tum
729 2904 918 2967 externos
951 2887 1089 2964 hostes
1121 2886 1363 2993 plerumque
1391 2889 1554 2984 valent,
1593 2889 1669 2966 illae
1711 2915 1809 2968 vero
1851 2895 1978 2976 animi

606 3011 722 3090 dotes
741 3007 792 3088 ad
809 3008 982 3088 maxima
1003 2999 1234 3112 reipublice
1255 3008 1419 3112 negotia
1442 3006 1666 3114 peragenda
1689 3012 1861 3091 omnino
1879 3035 1976 3098 suut
2005 3057 2010 3068 ·

605 3130 921 3213 accommodatae.

815 3297 914 3388 Σοφὸν
931 3296 991 3391 γὰρ
1012 3295 1042 3368 ἓν
1065 3297 1222 3386 liuditum
1239 3293 1295 3374 τὰς
1312 3294 1428 3375 πολλὰς
1450 3297 1538 3390 χέρας

812 3422 905 3488 Naxi.
1240 3431 1243 3440 ’

601 3581 653 3650 καὶ
672 3579 730 3674 μία
747 3579 854 3670 γνώμη
870 3577 963 3670 λύγον
984 3562 1169 3671 {peracuti
1186 3565 1298 3657 nerlu,
1319 3572 1362 3643 τὰ
1381 3575 1515 3653 mititte
1529 3576 1582 3645 καὶ
1605 3579 1720 3670 piper
1744 3570 1967 3676 διαπράττεται

644 3822 692 3912 (r)
714 3822 755 3889 lu
769 3841 870 3909 opere
886 3817 977 3906 quod
992 3816 1187 3884 inscrssritur
1202 3813 1257 3884 An
1267 3811 1346 3882 Seni
1364 3816 1515 3883 Gereuda
1525 3814 1574 3883 Sit
1588 3817 1780 3907 Respublica
1793 3844 1867 3910 pag.
1886 3822 1963 3910 789.

598 3925 840 3992 E.T0m.1v.
868 3946 945 4012 pag.
975 3919 1250 4010 170.Wyttenb.
1279 3917 1379 3988 cont.
1403 3920 1520 4000 Ptnro
1543 3920 1593 3986 De
1617 3921 1796 4011 Republica
1820 3926 1893 3993 Lib.
1917 3927 1961 3994 V.

596 4027 932 4118 op.13.pag.465.
955 4029 997 4095 A.
1014 4024 1129 4114 steph.
1151 4045 1224 4114 pag.
1249 4024 1323 4112 149.
1342 4024 1436 4091 Astii.
1454 4023 1631 4092 Plutarcho
1654 4040 1765 4094 autem
1789 4031 1830 4096 ad
1849 4031 1964 4098 imita-
2092 4113 2096 4122 Ι
2237 4021 2238 4028 ¹

596 4134 724 4201 tionem
744 4131 881 4197 valuisse
898 4134 1029 4199 videtur
1044 4127 1195 4219 egregius
1211 4130 1267 4196 hic
1290 4129 1499 4198 Hortmucvs
1516 4131 1624 4218 locus,
1641 4131 1734 4201 Iliad.
1750 4133 1808 4203 IV·
1833 4155 1866 4203 v.
1885 4135 1961 4221 322.

596 4239 659 4304 ubi
673 4237 720 4305 ita
733 4237 910 4326 respondet
921 4235 1170 4325 Agamemnoni
1185 4231 1301 4303 Nestor
1319 4255 1328 4302 t

1360 4402 1472 4454 tortae

874 4499 953 4570 Βτνλῇ
964 4494 1005 4550 tui
1015 4497 1116 4569 petitum·
1127 4495 1157 4549 et
1166 4492 1213 4566 γὰρ
1223 4496 1294 4566 γέρας
1306 4491 1343 4556 tet
1352 4497 1480 4568 γιρᾶντνν·
