4517 5867
359 609 747 690 eouunursrto
770 608 840 687 sn
861 591 1207 704 Qossrmnnu
1231 613 1561 689 triennarum
1596 614 1644 711 ⁶9

159 855 166 862 .
280 791 417 878 lentur
440 790 671 907 ‘voluptates
698 798 972 904 putenturque
1010 795 1054 873 in
1086 821 1130 874 se
1162 791 1264 878 mela
1299 795 1534 898 continere,
1569 791 1641 879 sed

277 918 474 1026 quoniam
498 913 611 1000 factis
633 917 844 999 hominum
867 943 1058 998 connexae
1072 917 1295 1024 jugetaeque
1315 943 1385 996 eos
1407 920 1451 995 in
1477 922 1645 1000 exitium

276 1045 542 1151 praecipitant.
568 1036 634 1122 sic
656 1057 785 1121 nautae
807 1039 965 1120 Cireem
984 1033 1150 1147 ejusque
1170 1037 1377 1117 illecebras
1396 1040 1645 1139 vitant,non

281 1179 450 1269 propter
470 1161 825 1272 pulchritudinem,
846 1181 936 1270 quae
954 1161 1122 1240 minime
1142 1183 1211 1239 eos
1233 1155 1359 1262 laedit,
1379 1159 1451 1239 sed
1475 1179 1643 1268 propter

279 1276 518 1386 perniciem,
535 1303 626 1393 quae
643 1277 721 1362 sub
743 1280 870 1362 fallaci
891 1283 966 1361 ists
988 1282 1117 1362 formai
1137 1281 1261 1361 latitet
1279 1281 1350 1388 (1).·
1364 1279 1444 1360 Sed
1472 1291 1646 1389 quorsus

279 1392 393 1481 baec?
407 1411 454 1484 u't
473 1395 740 1511 intelligamus
758 1431 844 1482 non
862 1403 949 1511 ipsu
969 1406 1113 1485 natura
1133 1402 1235 1482 duce
1248 1399 1543 1511 cupiditatibus
1559 1405 1646 1482 istis

275 1547 354 1603 nos
382 1523 469 1604 fieri
495 1525 714 1627 obnoxios,
741 1527 894 1635 quippe
921 1524 993 1635 qui
1016 1511 1135 1633 liberi
1164 1549 1304 1606 onmes
1330 1527 1647 1634 innocentesque

276 1670 504 1744 nascamur3
524 1671 668 1728 terum
692 1643 991 1727 stimulantibus
1015 1645 1132 1726 malis
1153 1646 1337 1726 moribus
1359 1663 1399 1726 et
1422 1644 1646 1753 depravatis

275 1766 601 1851 institutionibus
617 1767 911 1882 colloquiisque
925 1767 1124 1878 perversis
1138 1767 1354 1849 humanam
1363 1781 1539 1848 mentem
1548 1793 1646 1849 sem·

274 1905 353 1992 per
375 1889 626 1971 vacillantem
651 1894 695 1971 in
723 1917 839 1971 suam
863 1915 907 1971 se
932 1891 1095 1971 retinam
1119 1909 1397 1999 prorumpere.
1417 1889 1489 1970 Hee
1508 1905 1645 1969 autem

273 2009 538 2116 cupiditates,
556 2013 715 2120 quibus,
726 2009 920 2094 imbecilli
943 2012 1186 2120 franguntur
1200 2013 1402 2112 homines,
1422 2013 1646 2118 praesertim

273 2128 411 2210 tribus
436 2133 624 2218 nituntur
655 2132 864 2238 principiis
893 2161 967 2210 seu
988 2133 1177 2212 motibus.
1208 2138 1267 2212 Ac
1295 2135 1451 2240 primus
1477 2132 1646 2241 quidem

273 2245 346 2328 ille
365 2267 501 2330 motus
517 2253 713 2330 excitatur
724 2250 995 2361 propensione
1012 2250 1204 2362 quadam,
1222 2279 1312 2362 quae
1329 2269 1463 2332 tamen
1483 2279 1567 2331 non
1584 2267 1645 2332 est

274 2367 525 2463 voluntaria3
550 2371 652 2452 alter
675 2388 735 2452 est
758 2373 824 2454 cui
846 2371 1004 2452 animus
1029 2398 1115 2452 non
1137 2371 1288 2454 invitus
1310 2375 1381 2454 sed
1400 2378 1544 2482 sponte
1560 2373 1642 2480 jam
1670 2389 1672 2397 ’

274 2484 546 2598 obtemperat3
567 2493 711 2571 tertius
731 2507 871 2572 autem
893 2493 1123 2573 continetur
1145 2493 1283 2574 insani
1300 2495 1472 2605 quadam
1493 2491 1642 2604 procli·

274 2611 416 2713 vitate,
437 2638 528 2719 quae
548 2614 717 2693 omnino
734 2613 979 2723 praestringit
996 2615 1149 2722 ingenii
1173 2617 1316 2719 aciem,
1337 2613 1642 2696 rationiadrer·

273 2746 388 2811 satur
404 2747 662 2839 mentemque
680 2735 873 2818 debilitat
893 2737 1029 2834 Quem
1046 2763 1145 2818 vero
1163 2735 1283 2839 fugit,
1301 2763 1371 2814 eos
1389 2753 1525 2814 motus
1545 2732 1642 2814 cierl
1687 2793 1689 2798 -

273 2851 323 2930 in
347 2849 427 2931 illis
450 2853 670 2957 praesertim
695 2849 953 2949 hominibus,
981 2879 1161 2960 quorum
1183 2855 1289 2933 vires
1313 2859 1545 2958 augescunt,
1570 2853 1643 2933 sed

274 2971 402 3050 animi
424 2968 555 3050 adhuc
574 2985 670 3050 sunt
691 2971 952 3078 impotentes,
975 2995 1154 3079 quorum
1174 2959 1334 3077 sanguis
1351 2967 1575 3053 effervescit
1599 2990 1643 3052 et

276 3091 352 3198 qui
373 3117 537 3169 omnem
555 3085 691 3200 itiaque
716 3093 854 3170 ausam
871 3090 1072 3197 arripiunt
1088 3091 1169 3201 qui
1188 3092 1271 3172 suis
1287 3091 1465 3176 satisfieri
1484 3093 1643 3203 eupidi-

277 3209 431 3292 tatibus
451 3211 707 3292 arbitrentur.
732 3213 907 3292 Jureues
927 3213 1051 3319 igitur
1077 3214 1249 3293 maxime
1275 3215 1361 3294 istis
1382 3233 1579 3322 urgentur
1600 3232 1642 3296 et

278 3335 534 3434 crucientur,
552 3359 668 3432 senes
685 3349 844 3434 conoe,
865 3333 1021 3414 viribus
1042 3333 1122 3443 jam
1142 3333 1357 3440 debilitati,
1376 3337 1443 3416 vix
1461 3338 1540 3418 illis
1557 3367 1641 3418 arn-
1754 3363 1755 3368 ‘

276 3449 387 3561 plius
398 3455 634 3558 vincuntur,
649 3470 771 3564 atque
784 3457 904 3534 etiam
918 3457 953 3536 si
967 3456 1175 3536 interdum
1186 3453 1459 3566 ¹voluptatibus
1472 3455 1524 3538 ad
1539 3459 1643 3540 mala

277 3575 601 3684 impellerentur,
619 3593 712 3658 aetas
726 3575 931 3685 decrepita
948 3575 1193 3689 infractaque
1205 3579 1402 3685 membra,
1419 3585 1642 3690 praesertim

275 3724 377 3778 vero
396 3695 627 3799 consilium,
642 3698 922 3805 temperantia,
939 3697 1170 3806 prudentia,
1188 3729 1277 3810 quae
1296 3704 1341 3781 iu
1354 3703 1421 3782 illa
1438 3720 1547 3784 aetate
1561 3703 1641 3784 elu-

277 3815 526 3921 cescunt,'ab
546 3817 745 3927 ejusmodi
767 3819 876 3900 vitiis
898 3847 967 3899 eos
985 3819 1270 3902 abstraherent.
1290 3825 1453 3928 Quibus
1469 3853 1638 3935 praemo-

276 3937 392 4040 nitis,
414 3967 522 4049 quse,
545 3956 594 4018 ut
615 3942 848 4048 opinamur,
871 3939 1120 4050 aliquantum
1145 3943 1404 4026 contribuerit
1423 3945 1473 4028 ad
1496 3945 1640 4032 melius

280 4059 537 4167 intelligenda
552 4087 599 4140 ea
613 4089 704 4170 quse
717 4061 768 4143 de
779 4061 1054 4171 voluptatibus
1067 4063 1244 4172 disputat
1258 4067 1540 4180 Cato,singula
1554 4070 1641 4180 ejus

327 4434 375 4524 (t)
399 4433 580 4612 eqaffsm
593 4435 1102 4533 emonpauuoruaspeus
1118 4465 1195 4534 pag.
1210 4442 1287 4512 eea.
1496 4541 1499 4551 Ι

511 4593 520 4612 ι
1467 4580 1478 4625 l
1488 4581 1507 4626 2
