4517 5867
619 642 666 738 64
1006 649 1165 721 natue.
1188 646 1276 719 tau
1299 642 1591 715 SCHOLLAERT

618 848 740 953 titulo
759 848 941 929 munitus
965 847 1081 927 faciat
1102 867 1243 924 omues
1260 839 1413 921 fruetus
1431 864 1547 940 suos,
1563 852 1646 915 tam
1664 834 1884 939 naturales,
1906 840 1979 949 qui

612 972 697 1051 solt
710 988 903 1079 operante
917 969 1064 1049 naturt
1081 964 1234 1075 absque
1244 962 1421 1043 hominis
1435 960 1541 1039 iacto
1554 958 1820 1065 proveniunt,
1830 975 1877 1037 ut
1888 976 1980 1040 sunt

611 1116 795 1197 pomum,
817 1091 986 1189 foenum,
1005 1087 1118 1197 sylva
1132 1085 1284 1191 ocdua,
1302 1110 1426 1196 quarn
1437 1079 1803 1176 industriales‚hoc
1816 1096 1893 1178 est,
1911 1082 1981 1191 qui

611 1211 808 1293 culturam
840 1229 882 1294 et
904 1240 1043 1293 curam
1075 1212 1252 1291 hominis
1274 1208 1508 1319 requirunt,
1533 1218 1581 1281 ut
1599 1217 1697 1284 suut
1713 1200 1982 1304 frumentum,

610 1334 912 1438 vinum,oleum
922 1332 1356 1443 etc.;idquetumquia
1367 1330 1475 1433 leges
1484 1322 1982 1432 tamdiu‚quamdiuverus

612 1454 803 1537 dominns
812 1484 899 1535 non
916 1470 1124 1562 appareat,
1138 1451 1328 1532 tribuunt
1336 1448 1453 1529 bonae
1461 1447 1556 1529 fidei
1567 1447 1784 1555 possessori
1797 1445 1905 1525 idem
1911 1446 1978 1555 jus

609 1602 655 1655 ac
674 1578 860 1677 domino,
877 1576 950 1684 qul
970 1602 1112 1653 omues
1132 1574 1287 1650 fructus
1302 1596 1398 1649 suos
1415 1570 1508 1648 facit
1524 1572 1568 1647 1..
1587 1568 1655 1667 25,
1675 1580 1702 1673 ᾗ
1720 1566 1802 1649 bii.
1820 1566 1871 1645 de
1887 1595 1978 1647 usu·

607 1694 685 1798 ris,
703 1712 792 1775 tum
810 1697 907 1817 quia
926 1721 975 1775 ex
999 1694 1039 1772 t.
1060 1692 1113 1791 48
1134 1690 1173 1771 ff.
1195 1690 1246 1772 de
1265 1718 1350 1801 aeq.
1367 1719 1444 1771 rer.
1463 1690 1573 1771 dom.
1584 1718 1725 1777 omnes
1736 1689 1890 1770 finctus
1901 1688 1979 1769 sibi

609 1820 802 1928 acquirit,
820 1819 917 1927 quia
939 1813 1052 1932 quod
1071 1814 1228 1894 fruetus
1237 1815 1379 1899 attinet
1395 1814 1488 1893 loco
1499 1812 1656 1897 domini
1665 1839 1768 1923 pene
1780 1830 1861 1910 θεῖς
1881 1840 1977 1919 ergo

501 2036 506 2043 .
610 1940 731 2017 etiam
745 1938 946 2019 naturales
955 1936 1033 2017 sibi
1044 1936 1235 2045 acquirit,
1245 1962 1339 2015 curn
1350 1934 1448 2016 alias
1460 1962 1545 2015 non
1560 1953 1661 2016 esset
1672 1962 1813 2016 rerum
1822 1934 1978 2038 dicere,

607 2058 721 2171 quod
744 2088 886 2141 omnes
904 2058 1059 2139 fructus
1082 2057 1162 2139 sibi
1185 2059 1378 2168 acquirat.
1404 2059 1490 2139 Nec
1515 2058 1649 2141 obstat
1667 2058 1837 2140 verbum
1847 2084 1977 2169 pene,

605 2206 690 2289 qno
712 2184 841 2262 utitur
867 2183 911 2259 L.
931 2180 983 2275 48
1003 2182 1093 2276 cit.;
1113 2206 1208 2259 narn
1230 2180 1309 2261 boc
1336 2180 1414 2262 alit
1437 2185 1595 2263 ratione
1616 2181 1831 2290 adjicitur,
1855 2204 1981 2290 quarn

604 2301 717 2411 quod
743 2300 863 2381 bonae
886 2298 980 2391 fidei
999 2326 1206 2415 possessor
1223 2327 1310 2381 non
1329 2302 1593 2382 irrevocabile
1614 2296 1823 2390 fluctuum
1845 2300 1980 2382 domi·

602 2423 719 2501 nium
736 2422 926 2532 acquirat
948 2422 1136 2499 Diximus
1147 2422 1258 2525 justo
1279 2421 1393 2497 tilulo
1412 2424 1606 2509 mum'tus,
1632 2426 1731 2527 quia
1757 2429 1791 2498 si
1816 2446 1981 2527 posses·

601 2572 687 2640 sor,
700 2544 793 2627 licet
808 2542 926 2631 bonae
940 2540 1051 2637 fidei,
1070 2568 1120 2618 eo
1132 2542 1353 2630 instructus
1368 2566 1453 2617 non
1470 2541 1539 2635 sit,
1560 2540 1687 2643 magis
1704 2555 1788 2640 est,
1809 2556 1857 2618 ut
1872 2540 1980 2619 fruc

601 2678 666 2743 tus
681 2662 880 2750 naturales
893 2688 987 2741 suos
1005 2686 1089 2741 non
1105 2658 1220 2739 faciat
1237 2663 1254 2766 (
1260 2660 1306 2763 ι).
1320 2658 1441 2739 Plane
1455 2660 1491 2738 si
1503 2658 1610 2767 justo
1620 2656 1744 2737 titulo
1753 2660 1977 2749 instructus

599 2788 668 2885 sit,
685 2785 888 2865 naturales
896 2808 1066 2883 quoque
1079 2780 1159 2849 sibi
1178 2784 1383 2879 anquirat,
1391 2783 1551 2861 tametsi
1568 2808 1677 2881 rem,
1696 2780 1808 2863 unde
1820 2780 1992 2869 fructum

600 2904 905 3014 percipiuntur,
931 2918 1151 3001 nucapere
1177 2918 1263 2991 non
1289 2899 1419 3002 possip
1437 2902 1482 2990 14
1502 2900 1556 3011 48
1575 2926 1636 3005 pr.
1655 2919 1698 2991 et
1722 2908 1748 3003 §
1782 2904 1857 2981 aff.
1883 2906 1922 2984 d.
1944 2924 1972 2985 t.

599 3014 1303 3145 L.4‚§19ftdeusurp.etusuc·,
1346 2998 1355 3011 ’

649 3268 857 3371 Quaeritur
875 3281 1028 3368 autern,
1046 3292 1262 3385 quousque
1280 3266 1396 3354 faciat
1419 3265 1580 3355 fructus
1593 3270 1717 3353 suos?
1737 3272 1970 3383 Responde·

598 3418 709 3495 mus,
730 3416 914 3501 eousque
932 3388 1039 3469 mala
1061 3386 1160 3469 fides
1182 3389 1261 3501 ipsi
1280 3392 1563 3501 supervenerit
1584 3410 1655 3471 aut
1677 3393 1727 3473 lis
1753 3392 1876 3477 suerit
1896 3399 1973 3506 ipsi

596 3526 837 3605 contestata,
859 3512 995 3605 statim
1021 3510 1159 3634 itaque
1182 3514 1413 3602 nesciverit
1434 3538 1523 3593 rem
1545 3542 1632 3596 esse
1653 3514 1844 3614 alienam,
1865 3519 1970 3597 desi-

595 3632 656 3712 nit
675 3627 828 3717 fructus
842 3654 938 3710 suos
956 3634 1108 3729 facere3
1125 3656 1221 3713 uam
1238 3634 1453 3743 acquisitio
1468 3634 1673 3725 fruentum
1691 3664 1741 3721 ex
1760 3637 1867 3718 bont
1884 3636 1965 3716 fide

595 3750 862 3864 proficiscitur
881 3750 925 3827 L·
946 3746 1058 3855 n3,§
1082 3779 1118 3851 a,
1139 3755 1182 3833 L.
1202 3753 1272 3856 48,
1295 3752 1381 3853 §ff
1397 3753 1448 3845 de
1467 3784 1551 3868 acq.
1571 3785 1647 3843 rer.
1667 3758 1773 3841 dom.
1794 3756 1881 3836 Nec
1896 3756 1968 3839 ob

593 3893 670 3961 stat
691 3872 804 3991 quod
826 3870 930 3953 mala
952 3869 1066 3977 fides,
1086 3900 1178 3983 quae
1199 3879 1417 3985 possessori
1435 3879 1688 3985 supervenit,
1712 3892 1887 3986 coeptam
1906 3882 1968 3960 rei

593 3996 882 4109 usucapionem
910 4020 996 4085 nou
1024 3997 1294 4118 interrumpat
1316 3998 1368 4079 de
1390 3991 1634 4107 jure‘civili3
1655 4026 1752 4079 nam
1777 4005 1969 4109 provenit

594 4120 673 4205 hoo
695 4146 745 4201 ex
764 4146 835 4219 eo,
859 4116 974 4228 quod
996 4118 1040 4203 in
1064 4121 1124 4211 rei
1147 4124 1397 4232 usucapione
1417 4135 1558 4227 agatur
1578 4135 1737 4207 tantum
1768 4118 1819 4199 de
1846 4123 1969 4203 uniet

594 4244 863 4351 usucapione,
885 4258 1038 4324 etcum
1057 4244 1249 4356 usucapio
1273 4240 1399 4325 semel
1423 4242 1623 4354 completa
1655 4258 1846 4351 operetur
1872 4271 1969 4326 cum

635 4502 693 4593 (r)
714 4502 752 4573 v.
767 4504 928 4573 tonnus
943 4522 993 4569 ur·
1011 4500 1055 4571 to
1069 4501 1112 4569 acl
1127 4504 1178 4573 tit.
1193 4503 1235 4572 dc
1248 4507 1288 4571 Α.
1302 4502 1341 4569 rt
1354 4502 1396 4571 D.
