4517 5867
620 972 625 984 ¹
782 1049 789 1057 ,
955 960 1222 1081 carun
1268 959 1641 1094 rusulum.

625 1619 742 1724 Quo
769 1547 1037 1701 scavinus
1064 1571 1275 1700 strant
1295 1561 1602 1720 normano,
1621 1576 1980 1700 smncnnsn

899 1791 1147 1876 annnam
1184 1787 1389 1886 comus
1422 1787 1707 1869 mammos

1173 2093 1433 2236 §xxm
1609 2031 1613 2039 ’

624 2397 891 2528 Innocuam
919 2466 1030 2521 nnnc
1053 2461 1113 2521 est
1136 2445 1311 2522 secunda
1331 2444 1401 2522 illa
1425 2469 1563 2526 caussa
1574 2469 1671 2550 ‘qm
1687 2444 1731 2526 in'
1749 2443 1890 2550 prinis
1908 2465 1987 2520 an·

621 2585 717 2664 gere
737 2576 857 2668 atque
883 2560 1092 2638 sollicitam
1117 2561 1267 2640 habere
1295 2563 1462 2642 senilem
1488 2577 1644 2646 maten
1669 2563 1848 2660 ridetur,
1866 2559 1988 2646 Eam

441 2703 442 2706 ‘
619 2679 765 2760 sedicet
783 2706 925 2788 corpus
943 2679 1103 2759 reddere
1119 2683 1324 2787 infimius.
1351 2681 1432 2762 Sed
1450 2684 1485 2761 si
1505 2684 1599 2790 quis
1617 2683 1807 2782 rationes,
1828 2709 1919 2789 quae
1941 2685 1998 2761 in·

618 2797 694 2880 hac
714 2797 984 2908 disputatione
996 2815 1079 2878 tam
1096 2801 1306 2899 artificiose
1325 2803 1515 2906 aNostro
1530 2817 1769 2903 tractantur,
1788 2803 1985 2884 cumillis

621 2920 770 3034 quibus
799 2923 970 3031 primam
991 2917 1104 2996 illam
1124 2943 1305 2998 caussam
1330 2918 1455 2998 modo
1479 2921 1698 3030 expositam
1716 2925 1985 3028 (senectutem

618 3071 785 3126 avocare
808 3039 982 3140 archus
1003 3037 1204 3146 gerendis)
1235 3039 1336 3124 Cato
1363 3038 1551 3146 diluerat,
1576 3041 1716 3124 sedulo
1742 3070 1981 3153 comparare

616 3165 808 3263 uoluerit,
826 3162 941 3246 lnoile
961 3161 1173 3271 apparebit
1185 3161 1328 3242 alteras
1341 3189 1435 3244 cum
1449 3162 1583 3243 alteris
1598 3162 1797 3250 coherere
1809 3191 1884 3246 nec
1897 3169 1978 3249 nisi

617 3285 673 3368 oh
690 3283 887 3367 tractandi
907 3280 1233 3365 commoditatem
1249 3311 1273 3362 a
1292 3311 1334 3364 se
1354 3284 1529 3364 invicem
1545 3311 1630 3365 esse
1645 3285 1853 3394 sejunmas.
1869 3289 1976 3370 Nam

615 3405 1419 3518 sicorpuscstinlirmum,caretriribua;
1431 3408 1466 3490 si
1478 3405 1635 3518 viribus
1645 3423 1768 3502 caret,
1784 3409 1976 3490 abstrahit

616 3530 772 3613 archus
785 3526 970 3636 gerendis
982 3525 1173 3636 ideoque,
1186 3525 1736 3635 mmetoemseogiwisine
1745 3531 1883 3613 canui
1900 3559 1974 3613 ne·

614 3666 755 3766 quent,
766 3654 850 3733 sive
868 3650 988 3731 taciti
1003 3649 1071 3728 illl
1087 3650 1172 3730 sire
1190 3649 1392 3756 expressi,
1406 3651 1440 3730 ci
1456 3667 1641 3732 senectus
1648 3650 1730 3732 lroc
1737 3677 1821 3732 non
1833 3650 1972 3750 efficit,

612 3791 660 3858 ut
683 3785 823 3860 avocet
847 3802 871 3853 a
895 3771 1018 3852 rebus
1042 3768 1244 3876 gerendis,
1266 3767 1368 3851 illud
1392 3776 1669 3885 consequitur,
1693 3776 1742 3853 in-
1766 3789 1974 3855 montore

613 3925 762 4019 corpus
788 3893 1156 4002 necdum'prorsus
1182 3889 1383 3985 debilitari
1414 3911 1455 3975 et
1479 3887 1640 4008 pristini
1659 3896 1781 3977 eciam
1807 3881 1972 3979 roboris

614 4016 779 4128 aliquid-
798 4013 990 4098 retinere.¹
1013 4011 1093 4094 sed
1123 4012 1231 4096 dicat
1257 4013 1425 4097 fortasse
1447 4015 1612 4128 aliquis,
1638 4046 1732 4100 cum
1751 4034 1972 4130 utrumque

614 4130 728 4250 qnod
746 4137 936 4246 objicinrr
954 4133 1099 4220 codem
1114 4135 1201 4220 fere
1212 4136 1371 4242 redeat,
1387 4138 1459 4220 abs
1474 4167 1518 4222 rc
1533 4139 1655 4224 luisse
1673 4139 1825 4249 duplici
1844 4139 1968 4220 modo

610 4255 712 4342 illud
729 4271 989 4370 permanare,
1007 4261 1483 4370 magiaque'convonisse,
1497 4289 1588 4374 quae
1606 4264 1713 4354 inter
1724 4291 1773 4346 sc
1792 4290 1896 4347 nexa
1912 4289 1968 4342 es·

607 4373 897 4491 nuscanum
915 4381 1043 4464 oculis
1057 4383 1265 4492 subjicere.
1286 4382 1366 4468 Sed
1382 4384 1605 4470 mendum
1622 4403 1702 4494 est,
1714 4410 1773 4469 ne
1793 4385 1849 4468 de
1866 4380 1965 4494 ejus·
