4517 5867
357 671 741 746 coustitutum
763 671 832 744 AD
853 673 1201 764 QuAEsriotiitM
1223 679 1555 758 Litiittiitiiii.
1590 683 1633 760 61

856 913 1080 1062 §xxc

318 1191 459 1300 Atque
477 1207 525 1272 ut
541 1191 627 1300 ipsa
639 1205 794 1293 notura,
812 1217 864 1272 ex
883 1191 1112 1274 Aristotelis
1132 1193 1344 1296 sententiis,
1359 1192 1584 1284 liberorum
1600 1213 1642 1276 et

269 1334 485 1391 servorum
510 1313 715 1394 dissimilia
733 1312 871 1394 fecisse
892 1340 1063 1422 corpora
1083 1315 1264 1418 videtur,
1282 1343 1377 1395 cum
1392 1315 1456 1396 bia
1471 1315 1643 1396 valentia

269 1445 397 1537 atque
417 1431 583 1512 robusta
606 1433 659 1512 ad
682 1434 964 1516 sustentandos
981 1437 1179 1516 maximos
1198 1435 1356 1516 labores
1376 1435 1543 1534 idonea,
1563 1435 1643 1516 illis

267 1574 373 1630 vero
394 1547 593 1631 debiliora
610 1551 662 1632 ad
680 1551 881 1661 ejusmodi
903 1581 1027 1664 opera
1045 1555 1299 1664 suscipienda
1317 1555 1389 1636 sed
1406 1572 1499 1663 apta
1517 1553 1569 1636 ad
1587 1558 1644 1636 vi·

267 1685 356 1749 tam
378 1671 540 1752 civilem
559 1673 700 1778 largita
719 1675 771 1754 sit
782 1674 861 1779 (1);
880 1677 938 1755 sic
957 1677 1077 1756 etiam
1094 1677 1317 1786 unicuique
1336 1675 1515 1756 hominis
1538 1675 1644 1756 aetati

269 1793 403 1872 varias
428 1793 650 1900 impertivit
674 1797 797 1897 vires,
821 1821 970 1906 easque
997 1793 1091 1906 quai
1116 1798 1265 1906 cuique
1297 1795 1469 1875 maxime
1495 1819 1643 1876 conve·

269 1912 404 1994 nitmt
432 1915 519 1994 Nee
550 1917 689 2024 itaque
718 1943 841 1998 senex
865 1915 1068 1998 desiderat
1098 1915 1229 1998 robur
1249 1914 1542 2016 adolescentia.
1560 1939 1646 1994 nou

268 2035 400 2138 mgis
417 2063 543 2145 qoam
559 2034 790 2118 adolescens
809 2039 914 2117 tauri
931 2054 1003 2118 aut
1017 2037 1221 2144 elephanti
1242 2037 1321 2118 sibi
1341 2053 1510 2142 arrogat.
1523 2035 1647 2118 «Cur-
1784 2029 1788 2038 ’

270 2179 344 2233 sua
361 2172 423 2235 est
435 2173 568 2234 certus
580 2159 721 2258 aetatis,
739 2176 783 2235 et
797 2186 881 2261 una
895 2159 963 2236 ria
977 2176 1133 2237 naturae
1152 2185 1279 2268 eaque
1293 2158 1481 2264 simplex,
1492 2181 1647 2262 suaque

269 2277 427 2382 cuique
456 2277 563 2380 parti
591 2275 717 2354 atatis
746 2275 1034 2382 tempestivitas
1064 2293 1126 2356 est
1157 2273 1265 2376 data,
1291 2293 1340 2354 ut
1366 2293 1407 2354 et
1438 2274 1648 2358 infirmitas

267 2419 501 2502 ¹puerorum
535 2410 578 2474 et
606 2393 791 2474 ferocitas
816 2394 1014 2503 juvenum
1045 2410 1087 2490 et
1112 2395 1284 2500 gravius
1314 2393 1398 2500 jam
1429 2396 1649 2482 constantia

272 2513 402 2592 atatis
414 2530 456 2592 et
468 2517 685 2592 senectutis
700 2516 911 2594 maturitas
928 2511 1138 2621 quoddam
1153 2513 1335 2595 naturale
1355 2512 1517 2616 habeat,
1534 2513 1650 2620 quod

273 2659 353 2712 auo
381 2648 565 2740 tempore
594 2633 748 2739 percipi
780 2631 965 2713 debeat.»
993 2629 1297 2739 Cap.1o.§33.
1325 2633 1512 2732 Quatuor
1538 2633 1649 2713 enim

274 2753 369 2832 vitm
391 2769 521 2833 aetates
542 2751 952 2857 distimuendasosse
974 2753 1177 2833 existimat
1201 2751 1318 2849 Cato,
1340 2779 1532 2860 quarum,
1557 2777 1650 2839 uto-r

162 2915 171 2928 ·
275 2871 446 2954 derante
464 2870 553 2977 ipsi
569 2871 728 2962 naturis,
747 2897 838 2950 suas
854 2896 1025 2977 quaeque
1043 2871 1161 2950 dotes
1174 2871 1319 2951 habeat
1331 2886 1451 2977 atquc
1468 2871 1649 2954 rimutea

278 2995 334 3074 Et
359 2989 544 3084 similiter
567 2988 685 3068 multi
713 2986 948 3092 Philosophi
979 3001 1072 3065 tum
1102 2985 1258 3092 antiqui
1288 3001 1377 3064 tum
1406 2990 1650 3078 recentiores

278 3115 407 3196 vitam
426 3107 741 3206 distribmruut3
759 3105 828 3188 alii
846 3121 984 3188 tamen
1002 3101 1083 3187 ulio
1106 3103 1244 3188 modos
1263 3105 1369 3187 Nam
1384 3109 1650 3217 procrates

288 3409 295 3422 ,
329 3365 378 3456 (1)
399 3365 503 3434 Docet
520 3365 587 3434 hoc
605 3362 899 3432 Aursrorruus
919 3359 996 3428 Lib.
1013 3360 1041 3427 1.
1062 3359 1112 3426 De
1132 3357 1278 3449 Republ.
1297 3378 1369 3446 cap.
1393 3376 1425 3424 a.
1446 3359 1583 3429 Βοὺλπαι
1597 3363 1651 3448 μὲν

282 3464 332 3538 vlu
353 3478 374 3545 ‘l
398 3473 480 3561 φύσις
500 3470 550 3536 aci
569 3471 608 3536 τὰ
627 3472 751 3555 σώματα
768 3465 937 3557 dupipma
959 3477 1045 3532 ποιεῖν
1070 3467 1109 3531 τὰ
1127 3472 1185 3532 τῶν
1204 3461 1366 3551 ἰλευθίρων
1385 3460 1434 3528 tal
1453 3471 1509 3530 τῶν
1527 3461 1651 3550 ὣὺὶων,

283 3577 322 3642 toi
335 3567 389 3660 μὲν
402 3577 513 3664 ἰσχυρὰ
526 3574 598 3663 πρὸς
611 3576 664 3649 τὴν
678 3576 841 3660 ἀναγκῶν
855 3583 971 3660 motu
988 3570 1027 3636 oi
1040 3560 1154 3656 ripae
1169 3565 1220 3632 tol
1232 3565 1358 3655 ἅχρηςα
1372 3567 1444 3656 πρὸς
1458 3568 1511 3644 τὰς
1522 3570 1652 3646 τοιαύτας

283 3681 422 3767 &pyrrhr
431 3678 538 3762 ,uilici
548 3683 684 3766 χμὴοιμα
699 3676 769 3764 πρὸς
783 3673 923 3754 mitrula
937 3671 1012 3755 βίον.
1027 3671 1143 3738 Minus
1158 3683 1271 3738 tamen
1284 3669 1384 3738 firma
1400 3669 1498 3738 nobis
1509 3671 1652 3740 'videtur

283 3783 461 3872 inaeipsl
481 3785 553 3850 burc
572 3782 752 3863 oententiu,
774 3802 836 3845 neo
854 3791 1012 3846 murram
1030 3774 1557 3842 inursedistinxioeiibororet
1578 3795 1651 3842 ser-

282 3906 344 3953 voa
358 3887 583 3971 arbitrarium
600 3884 871 3976 quandoquidem
891 3903 1008 3948 omnes
1027 3880 1198 3948 nascimur
1214 3879 1324 3948 liberi.
1343 3877 1489 3965 Quodsi
1511 3899 1651 3968 corpora
1666 3956 1669 3968 Ι

284 3991 472 4058 liberorum
495 3992 657 4059 debiliora
677 4000 787 4069 aunt,
812 3985 917 4070 iujos
941 3977 993 4050 rei
1016 3984 1102 4050 ratio
1125 3985 1205 4053 inde
1230 3995 1277 4048 est
1302 3981 1442 4070 petenda
1462 3984 1553 4070 quod
1579 4005 1651 4050 non

286 4093 355 4159 illia
373 4116 407 4158 ae
424 4104 581 4162 exerccm
598 4091 792 4175 laboribus,
815 4090 858 4156 ad
876 4111 962 4176 quoa
982 4089 1085 4154 coacti
1103 4087 1190 4154 servi
1210 4085 1411 4152 robustiores
1430 4087 1597 4176 evadunt,
1617 4100 1652 4154 et

288 4199 380 4285 quod
398 4211 556 4287 praetcrea
573 4195 697 4279 liberi,
720 4196 790 4262 otio
814 4216 901 4285 crepe
919 4204 952 4260 et
972 4189 1198 4281 voluptatibus
1223 4185 1409 4256 diffluentes
1428 4191 1651 4282 omnibusque
1698 4233 1702 4238 -

288 4301 396 4368 anirui
409 4298 718 4392 ¹perturbationibus
737 4298 843 4388 magis
863 4294 1028 4380 obnoxii,
1048 4293 1107 4361 sul
1127 4294 1281 4382 iptorum
1300 4292 1400 4383 culpi
1426 4294 1651 4384 valetudinem

289 4417 322 4474 st
342 4405 492 4494 corporis
510 4406 597 4475 vires
615 4402 778 4495 frangunt
799 4426 836 4473 ao
861 4399 1046 4474 debilitant·
1075 4399 1152 4494 Qua
1171 4399 1212 4469 de
1231 4420 1269 4468 re
1289 4395 1381 4470 inira
1398 4398 1556 4491 pluribus
1579 4398 1651 4468 tir-

289 4529 449 4578 mmm·
