<?xml version="1.0" encoding="UTF-8"?>
<!DOCTYPE html PUBLIC "-//W3C//DTD XHTML 1.0 Transitional//EN"
    "http://www.w3.org/TR/xhtml1/DTD/xhtml1-transitional.dtd">
<html xmlns="http://www.w3.org/1999/xhtml" xml:lang="en" lang="en">
 <head>
  <title>
</title>
<meta http-equiv="Content-Type" content="text/html;charset=utf-8" />
  <meta name='ocr-system' content='tesseract 3.04.00' />
  <meta name='ocr-capabilities' content='ocr_page ocr_carea ocr_par ocr_line ocrx_word'/>
</head>
<body>
  <div class='ocr_page' id='page_1' title='image "annalesacademia01goog_0063.png"; bbox 0 0 4517 5867; ppageno 0'>
   <div class='ocr_carea' id='block_1_1' title="bbox 835 630 1617 740">
    <p class='ocr_par' dir='ltr' id='par_1_1' title="bbox 835 630 1617 740">
     <span class='ocr_line' id='line_1_1' title="bbox 835 630 1617 740; baseline -0.004 -35"><span class='ocrx_word' id='word_1_1' title='bbox 835 630 1015 705; x_wconf 78' lang='lat' dir='ltr'><strong>omno.</strong></span> <span class='ocrx_word' id='word_1_2' title='bbox 1225 714 1234 731; x_wconf 90' lang='lat'><strong>.</strong></span> <span class='ocrx_word' id='word_1_3' title='bbox 1569 670 1617 740; x_wconf 66' lang='grc'><strong>,9.</strong></span> 
     </span>
    </p>
   </div>
   <div class='ocr_carea' id='block_1_2' title="bbox 241 812 1611 1655">
    <p class='ocr_par' dir='ltr' id='par_1_2' title="bbox 241 812 1611 1655">
     <span class='ocr_line' id='line_1_2' title="bbox 244 812 1611 923; baseline 0.004 -26"><span class='ocrx_word' id='word_1_4' title='bbox 244 816 441 897; x_wconf 86' lang='lat' dir='ltr'>Dominus</span> <span class='ocrx_word' id='word_1_5' title='bbox 460 815 510 895; x_wconf 90' lang='lat' dir='ltr'><strong>de</strong></span> <span class='ocrx_word' id='word_1_6' title='bbox 530 816 567 895; x_wconf 88' lang='lat' dir='ltr'><strong>la</strong></span> <span class='ocrx_word' id='word_1_7' title='bbox 589 812 804 913; x_wconf 87' lang='lat' dir='ltr'><strong>Hamaide,</strong></span> <span class='ocrx_word' id='word_1_8' title='bbox 823 818 868 895; x_wconf 92' lang='lat' dir='ltr'><strong>in</strong></span> <span class='ocrx_word' id='word_1_9' title='bbox 888 818 1009 898; x_wconf 87' lang='lat' dir='ltr'><strong>Curia</strong></span> <span class='ocrx_word' id='word_1_10' title='bbox 1026 817 1274 897; x_wconf 84' lang='lat' dir='ltr'><strong>Bruxellensi</strong></span> <span class='ocrx_word' id='word_1_11' title='bbox 1285 820 1502 923; x_wconf 80' lang='lat' dir='ltr'><strong>Regiorum</strong></span> <span class='ocrx_word' id='word_1_12' title='bbox 1518 852 1611 905; x_wconf 87' lang='lat' dir='ltr'><strong>cau·</strong></span> 
     </span>
     <span class='ocr_line' id='line_1_3' title="bbox 243 938 1611 1047; baseline 0.003 -26"><span class='ocrx_word' id='word_1_13' title='bbox 243 966 376 1021; x_wconf 82' lang='lat' dir='ltr'><strong>sarum</strong></span> <span class='ocrx_word' id='word_1_14' title='bbox 405 940 560 1047; x_wconf 86' lang='lat' dir='ltr'><strong>primus</strong></span> <span class='ocrx_word' id='word_1_15' title='bbox 593 955 715 1018; x_wconf 88' lang='lat' dir='ltr'><strong>actor.</strong></span> <span class='ocrx_word' id='word_1_16' title='bbox 745 940 1067 1023; x_wconf 71' lang='lat' dir='ltr'><strong>Ptmstantissime</strong></span> <span class='ocrx_word' id='word_1_17' title='bbox 1094 944 1185 1042; x_wconf 80' lang='lat' dir='ltr'><strong>vir,</strong></span> <span class='ocrx_word' id='word_1_18' title='bbox 1213 938 1436 1021; x_wconf 74' lang='lat' dir='ltr'><strong>Academiae</strong></span> <span class='ocrx_word' id='word_1_19' title='bbox 1465 958 1611 1025; x_wconf 86' lang='lat' dir='ltr'><strong>nostrae</strong></span> 
     </span>
     <span class='ocr_line' id='line_1_4' title="bbox 243 1061 1611 1171; baseline 0.003 -30"><span class='ocrx_word' id='word_1_20' title='bbox 243 1088 380 1143; x_wconf 87' lang='lat' dir='ltr'><strong>euram</strong></span> <span class='ocrx_word' id='word_1_21' title='bbox 404 1061 481 1141; x_wconf 92' lang='lat' dir='ltr'><strong>tibi</strong></span> <span class='ocrx_word' id='word_1_22' title='bbox 502 1063 755 1141; x_wconf 85' lang='lat' dir='ltr'><strong>commissam</strong></span> <span class='ocrx_word' id='word_1_23' title='bbox 772 1090 874 1169; x_wconf 79' lang='lat' dir='ltr'><strong>esse,</strong></span> <span class='ocrx_word' id='word_1_24' title='bbox 893 1065 971 1145; x_wconf 89' lang='lat' dir='ltr'><strong>sibi</strong></span> <span class='ocrx_word' id='word_1_25' title='bbox 994 1064 1298 1171; x_wconf 77' lang='lat' dir='ltr'>congratulatur</span> <span class='ocrx_word' id='word_1_26' title='bbox 1320 1066 1452 1144; x_wconf 92' lang='lat' dir='ltr'><strong>omnis</strong></span> <span class='ocrx_word' id='word_1_27' title='bbox 1471 1081 1611 1145; x_wconf 87' lang='lat' dir='ltr'><strong>nostra</strong></span> 
     </span>
     <span class='ocr_line' id='line_1_5' title="bbox 241 1183 1610 1277; baseline 0.003 -14"><span class='ocrx_word' id='word_1_28' title='bbox 241 1185 409 1265; x_wconf 85' lang='lat' dir='ltr'><strong>societas</strong></span> <span class='ocrx_word' id='word_1_29' title='bbox 427 1183 606 1263; x_wconf 86' lang='lat' dir='ltr'><strong>literaria</strong></span> <span class='ocrx_word' id='word_1_30' title='bbox 624 1211 632 1259; x_wconf 94' lang='lat'><strong>:</strong></span> <span class='ocrx_word' id='word_1_31' title='bbox 655 1184 767 1277; x_wconf 75' lang='lat' dir='ltr'><strong>bristi</strong></span> <span class='ocrx_word' id='word_1_32' title='bbox 785 1196 872 1259; x_wconf 88' lang='lat' dir='ltr'><strong>toto</strong></span> <span class='ocrx_word' id='word_1_33' title='bbox 894 1187 1123 1261; x_wconf 88' lang='lat' dir='ltr'><strong>studiorum</strong></span> <span class='ocrx_word' id='word_1_34' title='bbox 1139 1199 1305 1262; x_wconf 90' lang='lat' dir='ltr'><strong>tuorum</strong></span> <span class='ocrx_word' id='word_1_35' title='bbox 1317 1184 1489 1266; x_wconf 90' lang='lat' dir='ltr'><strong>decursu</strong></span> <span class='ocrx_word' id='word_1_36' title='bbox 1503 1188 1610 1267; x_wconf 89' lang='lat' dir='ltr'><strong>inter</strong></span> 
     </span>
     <span class='ocr_line' id='line_1_6' title="bbox 241 1302 1606 1410; baseline 0.004 -28"><span class='ocrx_word' id='word_1_37' title='bbox 241 1304 399 1385; x_wconf 91' lang='lat' dir='ltr'><strong>sodales</strong></span> <span class='ocrx_word' id='word_1_38' title='bbox 430 1302 544 1383; x_wconf 89' lang='lat' dir='ltr'><strong>facile</strong></span> <span class='ocrx_word' id='word_1_39' title='bbox 568 1305 745 1410; x_wconf 90' lang='lat' dir='ltr'><strong>primus,</strong></span> <span class='ocrx_word' id='word_1_40' title='bbox 771 1330 877 1383; x_wconf 87' lang='lat' dir='ltr'><strong>amas</strong></span> <span class='ocrx_word' id='word_1_41' title='bbox 902 1302 1193 1407; x_wconf 84' lang='lat' dir='ltr'><strong>eruditionem,</strong></span> <span class='ocrx_word' id='word_1_42' title='bbox 1220 1332 1327 1385; x_wconf 86' lang='lat' dir='ltr'><strong>amas</strong></span> <span class='ocrx_word' id='word_1_43' title='bbox 1346 1310 1539 1386; x_wconf 90' lang='lat' dir='ltr'><strong>virtutem</strong></span> <span class='ocrx_word' id='word_1_44' title='bbox 1566 1326 1606 1387; x_wconf 91' lang='lat' dir='ltr'><strong>et</strong></span> 
     </span>
     <span class='ocr_line' id='line_1_7' title="bbox 241 1423 1609 1535; baseline 0.004 -32"><span class='ocrx_word' id='word_1_45' title='bbox 241 1427 390 1535; x_wconf 87' lang='lat' dir='ltr'><strong>quaevis</strong></span> <span class='ocrx_word' id='word_1_46' title='bbox 411 1425 667 1505; x_wconf 88' lang='lat' dir='ltr'><strong>humanitatis</strong></span> <span class='ocrx_word' id='word_1_47' title='bbox 688 1423 832 1523; x_wconf 86' lang='lat' dir='ltr'><strong>officia,</strong></span> <span class='ocrx_word' id='word_1_48' title='bbox 851 1441 890 1505; x_wconf 92' lang='lat' dir='ltr'><strong>te</strong></span> <span class='ocrx_word' id='word_1_49' title='bbox 912 1426 1023 1505; x_wconf 89' lang='lat' dir='ltr'><strong>omni</strong></span> <span class='ocrx_word' id='word_1_50' title='bbox 1036 1452 1132 1507; x_wconf 90' lang='lat' dir='ltr'><strong>cura</strong></span> <span class='ocrx_word' id='word_1_51' title='bbox 1158 1427 1304 1515; x_wconf 90' lang='lat' dir='ltr'><strong>scholae</strong></span> <span class='ocrx_word' id='word_1_52' title='bbox 1325 1426 1470 1511; x_wconf 85' lang='lat' dir='ltr'><strong>nostrae</strong></span> <span class='ocrx_word' id='word_1_53' title='bbox 1498 1458 1609 1515; x_wconf 89' lang='lat' dir='ltr'><strong>com-</strong></span> 
     </span>
     <span class='ocr_line' id='line_1_8' title="bbox 241 1545 972 1655; baseline 0.001 -30"><span class='ocrx_word' id='word_1_54' title='bbox 241 1545 372 1627; x_wconf 92' lang='lat' dir='ltr'><strong>modis</strong></span> <span class='ocrx_word' id='word_1_55' title='bbox 398 1546 702 1655; x_wconf 78' lang='lat' dir='ltr'><strong>invigilaturum</strong></span> <span class='ocrx_word' id='word_1_56' title='bbox 721 1547 972 1629; x_wconf 87' lang='lat' dir='ltr'><strong>confidimus.</strong></span> 
     </span>
    </p>
   </div>
   <div class='ocr_carea' id='block_1_3' title="bbox 236 1768 1613 3074">
    <p class='ocr_par' dir='ltr' id='par_1_3' title="bbox 236 1768 1613 3074">
     <span class='ocr_line' id='line_1_9' title="bbox 291 1768 1611 1877; baseline 0.002 -34"><span class='ocrx_word' id='word_1_57' title='bbox 291 1768 463 1851; x_wconf 80' lang='lat' dir='ltr'><strong>Decreta</strong></span> <span class='ocrx_word' id='word_1_58' title='bbox 481 1770 609 1875; x_wconf 85' lang='lat' dir='ltr'><strong>Regio</strong></span> <span class='ocrx_word' id='word_1_59' title='bbox 625 1770 677 1849; x_wconf 94' lang='lat' dir='ltr'><strong>de</strong></span> <span class='ocrx_word' id='word_1_60' title='bbox 701 1796 763 1849; x_wconf 80' lang='grc' dir='ltr'><strong>ιι·</strong></span> <span class='ocrx_word' id='word_1_61' title='bbox 781 1796 869 1876; x_wconf 84' lang='lat' dir='ltr'><strong>aug.</strong></span> <span class='ocrx_word' id='word_1_62' title='bbox 887 1772 1187 1877; x_wconf 83' lang='lat' dir='ltr'><strong>expertissimus</strong></span> <span class='ocrx_word' id='word_1_63' title='bbox 1205 1768 1336 1871; x_wconf 83' lang='lat' dir='ltr'><strong>Baud‚</strong></span> <span class='ocrx_word' id='word_1_64' title='bbox 1350 1773 1393 1848; x_wconf 94' lang='lat' dir='ltr'><strong>in</strong></span> <span class='ocrx_word' id='word_1_65' title='bbox 1406 1769 1611 1849; x_wconf 83' lang='lat' dir='ltr'><strong>Facultate</strong></span> 
     </span>
     <span class='ocr_line' id='line_1_10' title="bbox 238 1886 1613 1994; baseline 0.001 -27"><span class='ocrx_word' id='word_1_66' title='bbox 238 1886 391 1967; x_wconf 87' lang='lat' dir='ltr'><strong>Medica</strong></span> <span class='ocrx_word' id='word_1_67' title='bbox 412 1892 617 1969; x_wconf 80' lang='lat' dir='ltr'><strong>Professor</strong></span> <span class='ocrx_word' id='word_1_68' title='bbox 639 1893 993 1994; x_wconf 85' lang='lat' dir='ltr'><strong>extraordinarius,</strong></span> <span class='ocrx_word' id='word_1_69' title='bbox 1014 1907 1172 1971; x_wconf 87' lang='lat' dir='ltr'><strong>creatus</strong></span> <span class='ocrx_word' id='word_1_70' title='bbox 1193 1908 1253 1971; x_wconf 88' lang='lat' dir='ltr'><strong>est</strong></span> <span class='ocrx_word' id='word_1_71' title='bbox 1271 1891 1476 1972; x_wconf 85' lang='lat' dir='ltr'><strong>Professor</strong></span> <span class='ocrx_word' id='word_1_72' title='bbox 1501 1891 1613 1972; x_wconf 91' lang='lat' dir='ltr'><strong>ordi·</strong></span> 
     </span>
     <span class='ocr_line' id='line_1_11' title="bbox 238 2006 1611 2120; baseline 0.001 -33"><span class='ocrx_word' id='word_1_73' title='bbox 238 2011 375 2089; x_wconf 86' lang='lat' dir='ltr'><strong>narius</strong></span> <span class='ocrx_word' id='word_1_74' title='bbox 396 2039 406 2087; x_wconf 76' lang='grc' dir='ltr'>ε</span> <span class='ocrx_word' id='word_1_75' title='bbox 427 2011 461 2089; x_wconf 90' lang='lat' dir='ltr'><strong>si</strong></span> <span class='ocrx_word' id='word_1_76' title='bbox 490 2010 645 2091; x_wconf 81' lang='lat' dir='ltr'><strong>favores</strong></span> <span class='ocrx_word' id='word_1_77' title='bbox 673 2014 851 2120; x_wconf 84' lang='lat' dir='ltr'><strong>recipere</strong></span> <span class='ocrx_word' id='word_1_78' title='bbox 881 2040 1041 2120; x_wconf 87' lang='lat' dir='ltr'><strong>semper</strong></span> <span class='ocrx_word' id='word_1_79' title='bbox 1076 2006 1193 2093; x_wconf 84' lang='lat' dir='ltr'><strong>dulce</strong></span> <span class='ocrx_word' id='word_1_80' title='bbox 1224 2018 1302 2111; x_wconf 75' lang='lat' dir='ltr'><strong>sit,</strong></span> <span class='ocrx_word' id='word_1_81' title='bbox 1331 2016 1611 2091; x_wconf 84' lang='lat' dir='ltr'><strong>dulcissimum</strong></span> 
     </span>
     <span class='ocr_line' id='line_1_12' title="bbox 237 2074 1611 2238; baseline 0 -30"><span class='ocrx_word' id='word_1_82' title='bbox 237 2146 372 2211; x_wconf 85' lang='lat' dir='ltr'><strong>tamen</strong></span> <span class='ocrx_word' id='word_1_83' title='bbox 388 2148 462 2230; x_wconf 87' lang='lat' dir='ltr'><strong>est,</strong></span> <span class='ocrx_word' id='word_1_84' title='bbox 484 2131 583 2212; x_wconf 90' lang='lat' dir='ltr'><strong>dum</strong></span> <span class='ocrx_word' id='word_1_85' title='bbox 600 2132 692 2214; x_wconf 92' lang='lat' dir='ltr'><strong>illos</strong></span> <span class='ocrx_word' id='word_1_86' title='bbox 710 2136 864 2233; x_wconf 88' lang='lat' dir='ltr'><strong>meritis</strong></span> <span class='ocrx_word' id='word_1_87' title='bbox 879 2160 1089 2215; x_wconf 85' lang='lat' dir='ltr'><strong>concessos</strong></span> <span class='ocrx_word' id='word_1_88' title='bbox 1109 2162 1211 2231; x_wconf 89' lang='lat' dir='ltr'><strong>esse,</strong></span> <span class='ocrx_word' id='word_1_89' title='bbox 1233 2074 1405 2212; x_wconf 74' lang='lat' dir='ltr'><strong>affirmat</strong></span> <span class='ocrx_word' id='word_1_90' title='bbox 1422 2133 1611 2238; x_wconf 90' lang='lat' dir='ltr'><strong>publicus</strong></span> 
     </span>
     <span class='ocr_line' id='line_1_13' title="bbox 239 2251 1612 2371; baseline -0.001 -43"><span class='ocrx_word' id='word_1_91' title='bbox 239 2253 425 2330; x_wconf 91' lang='lat' dir='ltr'><strong>omnium</strong></span> <span class='ocrx_word' id='word_1_92' title='bbox 443 2253 669 2371; x_wconf 82' lang='lat' dir='ltr'><strong>applausus.</strong></span> <span class='ocrx_word' id='word_1_93' title='bbox 698 2257 983 2359; x_wconf 80' lang='lat' dir='ltr'><strong>Expertissime</strong></span> <span class='ocrx_word' id='word_1_94' title='bbox 1012 2258 1093 2350; x_wconf 75' lang='lat' dir='ltr'><strong>vir,</strong></span> <span class='ocrx_word' id='word_1_95' title='bbox 1123 2252 1324 2330; x_wconf 87' lang='lat' dir='ltr'><strong>indefesso</strong></span> <span class='ocrx_word' id='word_1_96' title='bbox 1346 2268 1421 2328; x_wconf 90' lang='lat' dir='ltr'><strong>tuo</strong></span> <span class='ocrx_word' id='word_1_97' title='bbox 1441 2251 1578 2352; x_wconf 80' lang='lat' dir='ltr'><strong>zelo,</strong></span> <span class='ocrx_word' id='word_1_98' title='bbox 1566 2278 1612 2327; x_wconf 87' lang='lat' dir='ltr'><strong>m</strong></span> 
     </span>
     <span class='ocr_line' id='line_1_14' title="bbox 239 2370 1607 2482; baseline -0.001 -32"><span class='ocrx_word' id='word_1_99' title='bbox 239 2370 428 2452; x_wconf 92' lang='lat' dir='ltr'><strong>docendo</strong></span> <span class='ocrx_word' id='word_1_100' title='bbox 459 2373 562 2451; x_wconf 89' lang='lat' dir='ltr'><strong>clara</strong></span> <span class='ocrx_word' id='word_1_101' title='bbox 590 2390 659 2451; x_wconf 90' lang='lat' dir='ltr'><strong>tua</strong></span> <span class='ocrx_word' id='word_1_102' title='bbox 686 2389 726 2451; x_wconf 89' lang='lat' dir='ltr'><strong>et</strong></span> <span class='ocrx_word' id='word_1_103' title='bbox 754 2372 1045 2482; x_wconf 87' lang='lat' dir='ltr'><strong>discipulorum</strong></span> <span class='ocrx_word' id='word_1_104' title='bbox 1076 2371 1286 2452; x_wconf 82' lang='lat' dir='ltr'><strong>industriae</strong></span> <span class='ocrx_word' id='word_1_105' title='bbox 1315 2371 1496 2478; x_wconf 87' lang='lat' dir='ltr'><strong>adaptata</strong></span> <span class='ocrx_word' id='word_1_106' title='bbox 1524 2398 1607 2449; x_wconf 89' lang='lat' dir='ltr'><strong>me·</strong></span> 
     </span>
     <span class='ocr_line' id='line_1_15' title="bbox 236 2476 1609 2600; baseline -0.001 -31"><span class='ocrx_word' id='word_1_107' title='bbox 236 2491 384 2585; x_wconf 88' lang='lat' dir='ltr'><strong>thodo,</strong></span> <span class='ocrx_word' id='word_1_108' title='bbox 404 2476 473 2570; x_wconf 85' lang='lat' dir='ltr'><strong>tua¹</strong></span> <span class='ocrx_word' id='word_1_109' title='bbox 494 2492 777 2595; x_wconf 76' lang='lat' dir='ltr'><strong>dexteritate‚&#39;</strong></span> <span class='ocrx_word' id='word_1_110' title='bbox 765 2520 852 2600; x_wconf 80' lang='lat' dir='ltr'><strong>ipsa</strong></span> <span class='ocrx_word' id='word_1_111' title='bbox 874 2510 944 2572; x_wconf 88' lang='lat' dir='ltr'><strong>tua</strong></span> <span class='ocrx_word' id='word_1_112' title='bbox 968 2493 1215 2571; x_wconf 85' lang='lat' dir='ltr'><strong>humanitate</strong></span> <span class='ocrx_word' id='word_1_113' title='bbox 1238 2509 1278 2570; x_wconf 92' lang='lat' dir='ltr'><strong>et</strong></span> <span class='ocrx_word' id='word_1_114' title='bbox 1300 2492 1498 2569; x_wconf 88' lang='lat' dir='ltr'><strong>modestia</strong></span> <span class='ocrx_word' id='word_1_115' title='bbox 1522 2517 1609 2569; x_wconf 92' lang='lat' dir='ltr'><strong>om-</strong></span> 
     </span>
     <span class='ocr_line' id='line_1_16' title="bbox 236 2610 1608 2710; baseline 0 -21"><span class='ocrx_word' id='word_1_116' title='bbox 236 2612 352 2690; x_wconf 91' lang='lat' dir='ltr'><strong>nium</strong></span> <span class='ocrx_word' id='word_1_117' title='bbox 374 2611 609 2693; x_wconf 88' lang='lat' dir='ltr'><strong>auditorum</strong></span> <span class='ocrx_word' id='word_1_118' title='bbox 633 2631 800 2696; x_wconf 89' lang='lat' dir='ltr'><strong>tuorum</strong></span> <span class='ocrx_word' id='word_1_119' title='bbox 833 2616 990 2693; x_wconf 84' lang='lat' dir='ltr'><strong>animos</strong></span> <span class='ocrx_word' id='word_1_120' title='bbox 1016 2613 1093 2689; x_wconf 93' lang='lat' dir='ltr'><strong>tibi</strong></span> <span class='ocrx_word' id='word_1_121' title='bbox 1122 2610 1440 2691; x_wconf 88' lang='lat' dir='ltr'><strong>devinctissimos</strong></span> <span class='ocrx_word' id='word_1_122' title='bbox 1458 2610 1608 2710; x_wconf 80' lang='lat' dir='ltr'><strong>habes,</strong></span> 
     </span>
     <span class='ocr_line' id='line_1_17' title="bbox 238 2729 1608 2841; baseline -0.001 -30"><span class='ocrx_word' id='word_1_123' title='bbox 238 2760 379 2811; x_wconf 72' lang='lat' dir='ltr'><strong>omnes</strong></span> <span class='ocrx_word' id='word_1_124' title='bbox 407 2736 621 2805; x_wconf 69' lang='lat' dir='ltr'><strong>nobiseum</strong></span> <span class='ocrx_word' id='word_1_125' title='bbox 648 2729 900 2835; x_wconf 77' lang='lat' dir='ltr'><strong>applaudunt</strong></span> <span class='ocrx_word' id='word_1_126' title='bbox 925 2733 1053 2837; x_wconf 86' lang='lat' dir='ltr'><strong>Regio</strong></span> <span class='ocrx_word' id='word_1_127' title='bbox 1072 2731 1275 2811; x_wconf 87' lang='lat' dir='ltr'><strong>decreto:</strong></span> <span class='ocrx_word' id='word_1_128' title='bbox 1297 2732 1608 2841; x_wconf 86' lang='lat' dir='ltr'><strong>pulcherrimam</strong></span> 
     </span>
     <span class='ocr_line' id='line_1_18' title="bbox 236 2848 1609 2960; baseline -0.002 -31"><span class='ocrx_word' id='word_1_129' title='bbox 236 2848 511 2942; x_wconf 87' lang='lat' dir='ltr'><strong>Anatomiam‚</strong></span> <span class='ocrx_word' id='word_1_130' title='bbox 534 2848 621 2923; x_wconf 87' lang='lat' dir='ltr'><strong>sine</strong></span> <span class='ocrx_word' id='word_1_131' title='bbox 645 2876 724 2953; x_wconf 85' lang='lat' dir='ltr'><strong>qua</strong></span> <span class='ocrx_word' id='word_1_132' title='bbox 740 2852 878 2930; x_wconf 92' lang='lat' dir='ltr'><strong>nullus</strong></span> <span class='ocrx_word' id='word_1_133' title='bbox 902 2852 1186 2960; x_wconf 75' lang='lat' dir='ltr'><strong>Physiologus‚</strong></span> <span class='ocrx_word' id='word_1_134' title='bbox 1212 2856 1350 2932; x_wconf 87' lang='lat' dir='ltr'><strong>nullus</strong></span> <span class='ocrx_word' id='word_1_135' title='bbox 1367 2883 1461 2933; x_wconf 84' lang='lat' dir='ltr'><strong>vere</strong></span> <span class='ocrx_word' id='word_1_136' title='bbox 1480 2852 1609 2928; x_wconf 86' lang='lat' dir='ltr'><strong>Medi-</strong></span> 
     </span>
     <span class='ocr_line' id='line_1_19' title="bbox 237 2965 1607 3074; baseline -0.003 -24"><span class='ocrx_word' id='word_1_137' title='bbox 237 2999 308 3050; x_wconf 88' lang='lat' dir='ltr'><strong>cus</strong></span> <span class='ocrx_word' id='word_1_138' title='bbox 334 2968 421 3049; x_wconf 87' lang='lat' dir='ltr'><strong>fieri</strong></span> <span class='ocrx_word' id='word_1_139' title='bbox 443 2982 595 3074; x_wconf 83' lang='lat' dir='ltr'><strong>potest,</strong></span> <span class='ocrx_word' id='word_1_140' title='bbox 616 2965 762 3041; x_wconf 80' lang='lat' dir='ltr'><strong>scholae</strong></span> <span class='ocrx_word' id='word_1_141' title='bbox 791 2986 940 3047; x_wconf 89' lang='lat' dir='ltr'><strong>nostrae</strong></span> <span class='ocrx_word' id='word_1_142' title='bbox 970 2975 1155 3046; x_wconf 89' lang='lat' dir='ltr'><strong>alumnos</strong></span> <span class='ocrx_word' id='word_1_143' title='bbox 1184 2986 1367 3048; x_wconf 89' lang='lat' dir='ltr'><strong>accurate</strong></span> <span class='ocrx_word' id='word_1_144' title='bbox 1396 2967 1607 3064; x_wconf 81' lang='lat' dir='ltr'><strong>edocebis3</strong></span> 
     </span>
    </p>
   </div>
   <div class='ocr_carea' id='block_1_4' title="bbox 237 3082 1608 3436">
    <p class='ocr_par' dir='ltr' id='par_1_4' title="bbox 237 3082 1608 3436">
     <span class='ocr_line' id='line_1_20' title="bbox 238 3082 1608 3195; baseline -0.004 -23"><span class='ocrx_word' id='word_1_145' title='bbox 238 3088 538 3193; x_wconf 82' lang='lat' dir='ltr'><strong>Chirurgicam‚</strong></span> <span class='ocrx_word' id='word_1_146' title='bbox 557 3112 649 3194; x_wconf 90' lang='lat' dir='ltr'><strong>quae</strong></span> <span class='ocrx_word' id='word_1_147' title='bbox 674 3082 747 3162; x_wconf 90' lang='lat' dir='ltr'><strong>diu</strong></span> <span class='ocrx_word' id='word_1_148' title='bbox 767 3085 889 3163; x_wconf 93' lang='lat' dir='ltr'><strong>nimis</strong></span> <span class='ocrx_word' id='word_1_149' title='bbox 913 3086 956 3163; x_wconf 94' lang='lat' dir='ltr'><strong>in</strong></span> <span class='ocrx_word' id='word_1_150' title='bbox 977 3087 1039 3163; x_wconf 90' lang='lat' dir='ltr'><strong>his</strong></span> <span class='ocrx_word' id='word_1_151' title='bbox 1057 3090 1277 3193; x_wconf 84' lang='lat' dir='ltr'><strong>provinciis</strong></span> <span class='ocrx_word' id='word_1_152' title='bbox 1301 3090 1379 3167; x_wconf 88' lang='lat' dir='ltr'><strong>fuit</strong></span> <span class='ocrx_word' id='word_1_153' title='bbox 1405 3086 1608 3195; x_wconf 83' lang='lat' dir='ltr'><strong>neglecta,</strong></span> 
     </span>
     <span class='ocr_line' id='line_1_21' title="bbox 237 3206 1607 3317; baseline -0.002 -25"><span class='ocrx_word' id='word_1_154' title='bbox 237 3211 378 3292; x_wconf 88' lang='lat' dir='ltr'><strong>debito</strong></span> <span class='ocrx_word' id='word_1_155' title='bbox 399 3207 542 3315; x_wconf 83' lang='lat' dir='ltr'><strong>gradui</strong></span> <span class='ocrx_word' id='word_1_156' title='bbox 572 3223 613 3287; x_wconf 89' lang='lat' dir='ltr'><strong>et</strong></span> <span class='ocrx_word' id='word_1_157' title='bbox 634 3206 782 3286; x_wconf 91' lang='lat' dir='ltr'><strong>honori</strong></span> <span class='ocrx_word' id='word_1_158' title='bbox 809 3207 1014 3307; x_wconf 80' lang='lat' dir='ltr'><strong>restitues,</strong></span> <span class='ocrx_word' id='word_1_159' title='bbox 1036 3223 1158 3317; x_wconf 85' lang='lat' dir='ltr'><strong>atque</strong></span> <span class='ocrx_word' id='word_1_160' title='bbox 1176 3234 1261 3286; x_wconf 93' lang='lat' dir='ltr'><strong>non</strong></span> <span class='ocrx_word' id='word_1_161' title='bbox 1282 3209 1413 3287; x_wconf 89' lang='lat' dir='ltr'><strong>solum</strong></span> <span class='ocrx_word' id='word_1_162' title='bbox 1434 3209 1485 3287; x_wconf 92' lang='lat' dir='ltr'><strong>de</strong></span> <span class='ocrx_word' id='word_1_163' title='bbox 1507 3214 1607 3289; x_wconf 90' lang='lat' dir='ltr'><strong>Aca-</strong></span> 
     </span>
     <span class='ocr_line' id='line_1_22' title="bbox 238 3327 1554 3436; baseline -0.006 -21"><span class='ocrx_word' id='word_1_164' title='bbox 238 3336 372 3417; x_wconf 85' lang='lat' dir='ltr'><strong>demia</strong></span> <span class='ocrx_word' id='word_1_165' title='bbox 390 3344 545 3435; x_wconf 78' lang='lat' dir='ltr'><strong>nostra,</strong></span> <span class='ocrx_word' id='word_1_166' title='bbox 562 3327 634 3409; x_wconf 91' lang='lat' dir='ltr'><strong>sed</strong></span> <span class='ocrx_word' id='word_1_167' title='bbox 647 3327 699 3408; x_wconf 90' lang='lat' dir='ltr'><strong>de</strong></span> <span class='ocrx_word' id='word_1_168' title='bbox 713 3328 815 3407; x_wconf 88' lang='lat' dir='ltr'><strong>urbe</strong></span> <span class='ocrx_word' id='word_1_169' title='bbox 832 3328 992 3436; x_wconf 86' lang='lat' dir='ltr'><strong>pariter·</strong></span> <span class='ocrx_word' id='word_1_170' title='bbox 1002 3345 1042 3408; x_wconf 92' lang='lat' dir='ltr'><strong>et</strong></span> <span class='ocrx_word' id='word_1_171' title='bbox 1060 3330 1186 3435; x_wconf 84' lang='lat' dir='ltr'><strong>petria</strong></span> <span class='ocrx_word' id='word_1_172' title='bbox 1204 3328 1309 3407; x_wconf 90' lang='lat' dir='ltr'><strong>bene</strong></span> <span class='ocrx_word' id='word_1_173' title='bbox 1326 3329 1554 3407; x_wconf 84' lang='lat' dir='ltr'><strong>mereberis.</strong></span> 
     </span>
    </p>
   </div>
   <div class='ocr_carea' id='block_1_5' title="bbox 240 3544 1611 4266">
    <p class='ocr_par' dir='ltr' id='par_1_5' title="bbox 240 3544 1611 3901">
     <span class='ocr_line' id='line_1_23' title="bbox 290 3544 1611 3657; baseline -0.003 -26"><span class='ocrx_word' id='word_1_174' title='bbox 290 3554 418 3657; x_wconf 85' lang='lat' dir='ltr'><strong>Regio</strong></span> <span class='ocrx_word' id='word_1_175' title='bbox 441 3549 602 3629; x_wconf 90' lang='lat' dir='ltr'><strong>decreto</strong></span> <span class='ocrx_word' id='word_1_176' title='bbox 624 3545 675 3627; x_wconf 92' lang='lat' dir='ltr'><strong>de</strong></span> <span class='ocrx_word' id='word_1_177' title='bbox 699 3547 761 3627; x_wconf 84' lang='lat'><strong>16·</strong></span> <span class='ocrx_word' id='word_1_178' title='bbox 781 3544 1020 3655; x_wconf 87' lang='lat' dir='ltr'><strong>septembris</strong></span> <span class='ocrx_word' id='word_1_179' title='bbox 1038 3571 1113 3654; x_wconf 92' lang='lat' dir='ltr'><strong>pro</strong></span> <span class='ocrx_word' id='word_1_180' title='bbox 1132 3561 1216 3624; x_wconf 88' lang='lat' dir='ltr'><strong>arte</strong></span> <span class='ocrx_word' id='word_1_181' title='bbox 1235 3544 1465 3625; x_wconf 85' lang='lat' dir='ltr'><strong>obstetricia</strong></span> <span class='ocrx_word' id='word_1_182' title='bbox 1483 3550 1611 3627; x_wconf 89' lang='lat' dir='ltr'><strong>nomi·</strong></span> 
     </span>
     <span class='ocr_line' id='line_1_24' title="bbox 240 3665 1610 3775; baseline -0.008 -21"><span class='ocrx_word' id='word_1_183' title='bbox 240 3690 359 3754; x_wconf 86' lang='lat' dir='ltr'><strong>natus</strong></span> <span class='ocrx_word' id='word_1_184' title='bbox 381 3689 441 3753; x_wconf 92' lang='lat' dir='ltr'><strong>est</strong></span> <span class='ocrx_word' id='word_1_185' title='bbox 462 3669 664 3751; x_wconf 85' lang='lat' dir='ltr'><strong>Professor</strong></span> <span class='ocrx_word' id='word_1_186' title='bbox 682 3666 1023 3748; x_wconf 80' lang='lat' dir='ltr'><strong>extraordinarius</strong></span> <span class='ocrx_word' id='word_1_187' title='bbox 1047 3668 1346 3775; x_wconf 86' lang='lat' dir='ltr'><strong>expertissimus</strong></span> <span class='ocrx_word' id='word_1_188' title='bbox 1367 3672 1456 3743; x_wconf 81' lang='lat' dir='ltr'><strong>Van</strong></span> <span class='ocrx_word' id='word_1_189' title='bbox 1480 3665 1610 3743; x_wconf 75' lang='lat' dir='ltr'><strong>Solim</strong></span> 
     </span>
     <span class='ocr_line' id='line_1_25' title="bbox 241 3786 1606 3901; baseline -0.007 -26"><span class='ocrx_word' id='word_1_190' title='bbox 241 3822 338 3901; x_wconf 76' lang='lat' dir='ltr'><strong>gen,</strong></span> <span class='ocrx_word' id='word_1_191' title='bbox 358 3793 641 3897; x_wconf 87' lang='lat' dir='ltr'><strong>Metelloburgi</strong></span> <span class='ocrx_word' id='word_1_192' title='bbox 662 3789 869 3901; x_wconf 92' lang='lat' dir='ltr'><strong>quondam</strong></span> <span class='ocrx_word' id='word_1_193' title='bbox 888 3787 1097 3869; x_wconf 80' lang='lat' dir='ltr'><strong>Medicinae</strong></span> <span class='ocrx_word' id='word_1_194' title='bbox 1116 3788 1321 3870; x_wconf 86' lang='lat' dir='ltr'><strong>Professor</strong></span> <span class='ocrx_word' id='word_1_195' title='bbox 1343 3804 1384 3867; x_wconf 92' lang='lat' dir='ltr'><strong>et</strong></span> <span class='ocrx_word' id='word_1_196' title='bbox 1407 3786 1606 3893; x_wconf 87' lang='lat' dir='ltr'><strong>approba·</strong></span> 
     </span>
    </p>

    <p class='ocr_par' dir='ltr' id='par_1_6' title="bbox 241 3910 1603 4266">
     <span class='ocr_line' id='line_1_26' title="bbox 241 3910 1603 4023; baseline -0.006 -28.657"><span class='ocrx_word' id='word_1_197' title='bbox 241 3934 307 4013; x_wconf 83' lang='lat' dir='ltr'><strong>ns,</strong></span> <span class='ocrx_word' id='word_1_198' title='bbox 334 3942 431 4023; x_wconf 89' lang='lat' dir='ltr'><strong>quas</strong></span> <span class='ocrx_word' id='word_1_199' title='bbox 457 3912 601 4013; x_wconf 92' lang='lat' dir='ltr'><strong>edidit</strong></span> <span class='ocrx_word' id='word_1_200' title='bbox 624 3910 973 3991; x_wconf 85' lang='lat' dir='ltr'><strong>lucubrationibus</strong></span> <span class='ocrx_word' id='word_1_201' title='bbox 993 3911 1149 4022; x_wconf 91' lang='lat' dir='ltr'><strong>ubique</strong></span> <span class='ocrx_word' id='word_1_202' title='bbox 1178 3928 1320 4007; x_wconf 87' lang='lat' dir='ltr'><strong>notus;</strong></span> <span class='ocrx_word' id='word_1_203' title='bbox 1349 3935 1603 4013; x_wconf 83' lang='lat' dir='ltr'><strong>magnacum</strong></span> 
     </span>
     <span class='ocr_line' id='line_1_27' title="bbox 242 4026 1602 4145; baseline -0.008 -28"><span class='ocrx_word' id='word_1_204' title='bbox 242 4036 434 4145; x_wconf 89' lang='lat' dir='ltr'><strong>praecedit</strong></span> <span class='ocrx_word' id='word_1_205' title='bbox 456 4036 630 4115; x_wconf 88' lang='lat' dir='ltr'><strong>scientiae</strong></span> <span class='ocrx_word' id='word_1_206' title='bbox 653 4051 696 4113; x_wconf 88' lang='lat' dir='ltr'><strong>et</strong></span> <span class='ocrx_word' id='word_1_207' title='bbox 720 4036 957 4113; x_wconf 87' lang='lat' dir='ltr'><strong>meritorum</strong></span> <span class='ocrx_word' id='word_1_208' title='bbox 978 4031 1080 4112; x_wconf 86' lang='lat' dir='ltr'><strong>fama</strong></span> <span class='ocrx_word' id='word_1_209' title='bbox 1089 4058 1265 4139; x_wconf 78' lang='lat' dir='ltr'><strong>,magna</strong></span> <span class='ocrx_word' id='word_1_210' title='bbox 1286 4031 1337 4111; x_wconf 91' lang='lat' dir='ltr'><strong>ab</strong></span> <span class='ocrx_word' id='word_1_211' title='bbox 1362 4029 1433 4109; x_wconf 91' lang='lat' dir='ltr'><strong>illo</strong></span> <span class='ocrx_word' id='word_1_212' title='bbox 1457 4026 1602 4109; x_wconf 86' lang='lat' dir='ltr'><strong>auxilia</strong></span> 
     </span>
     <span class='ocr_line' id='line_1_28' title="bbox 243 4150 999 4266; baseline -0.009 -27"><span class='ocrx_word' id='word_1_213' title='bbox 243 4161 414 4266; x_wconf 88' lang='lat' dir='ltr'><strong>Sperant</strong></span> <span class='ocrx_word' id='word_1_214' title='bbox 435 4157 599 4237; x_wconf 88' lang='lat' dir='ltr'><strong>Medicae</strong></span> <span class='ocrx_word' id='word_1_215' title='bbox 623 4150 818 4237; x_wconf 84' lang='lat' dir='ltr'><strong>facultatis</strong></span> <span class='ocrx_word' id='word_1_216' title='bbox 837 4156 999 4235; x_wconf 88' lang='lat' dir='ltr'><strong>alumni</strong></span> 
     </span>
    </p>
   </div>
   <div class='ocr_carea' id='block_1_6' title="bbox 298 4380 1602 4572">
    <p class='ocr_par' dir='ltr' id='par_1_7' title="bbox 298 4380 1602 4572">
     <span class='ocr_line' id='line_1_29' title="bbox 298 4380 1602 4572; baseline -0.006 -108"><span class='ocrx_word' id='word_1_217' title='bbox 298 4385 340 4464; x_wconf 92' lang='lat' dir='ltr'><strong>Si</strong></span> <span class='ocrx_word' id='word_1_218' title='bbox 354 4385 529 4491; x_wconf 72' lang='lat' dir='ltr'><strong>quaeritne</strong></span> <span class='ocrx_word' id='word_1_219' title='bbox 538 4398 684 4463; x_wconf 82' lang='lat' dir='ltr'><strong>statum</strong></span> <span class='ocrx_word' id='word_1_220' title='bbox 696 4384 938 4482; x_wconf 61' lang='lat' dir='ltr'><strong>Academiam</strong></span> <span class='ocrx_word' id='word_1_221' title='bbox 955 4384 1006 4465; x_wconf 89' lang='lat' dir='ltr'><strong>de</strong></span> <span class='ocrx_word' id='word_1_222' title='bbox 1019 4382 1141 4463; x_wconf 89' lang='lat' dir='ltr'><strong>rebus</strong></span> <span class='ocrx_word' id='word_1_223' title='bbox 1148 4384 1320 4491; x_wconf 77' lang='lat' dir='ltr'><strong>‚quibus</strong></span> <span class='ocrx_word' id='word_1_224' title='bbox 1335 4383 1490 4572; x_wconf 72' lang='lat' dir='ltr'><strong>utirpur</strong></span> <span class='ocrx_word' id='word_1_225' title='bbox 1502 4380 1602 4488; x_wconf 90' lang='lat' dir='ltr'><strong>quid</strong></span> 
     </span>
    </p>
   </div>
   <div class='ocr_carea' id='block_1_7' title="bbox 0 0 2266 5860">
    <p class='ocr_par' dir='ltr' id='par_1_8' title="bbox 0 0 2266 5860">
     <span class='ocr_line' id='line_1_30' title="bbox 0 0 2266 5860; baseline 0 0"><span class='ocrx_word' id='word_1_226' title='bbox 0 0 2266 5860; x_wconf 95' lang='lat' dir='ltr'><strong> </strong></span> 
     </span>
    </p>
   </div>
  </div>
 </body>
</html>
