4517 5867
615 732 618 737 .
699 674 1037 748 nlssuurarto
1059 676 1267 751 MEDICA.
1620 678 1663 751 31

302 850 529 934 intellectus
547 854 827 963 operationum
840 912 852 957 ‚
865 854 930 935 rel
948 854 1130 937 idearum
1149 858 1478 967 perceptionum,
1494 858 1559 939 vel
1576 858 1672 937 ima·
1711 906 1714 911 -

300 975 540 1081 ginationis‚
564 977 799 1058 attentionis
820 993 890 1059 aut
918 980 1139 1083 memoriae,
1166 978 1343 1092 ideoque
1366 980 1531 1061 affectus
1549 981 1674 1062 animi

299 1124 464 1203 magnas
490 1098 628 1178 subire
651 1102 935 1181 conversiones
961 1100 1158 1181 videmus.
1182 1102 1539 1211 Hypochondriaci
1562 1103 1675 1183 ideas

300 1218 495 1301 exhibent
511 1237 554 1301 et
569 1221 851 1303 inclinationes
872 1220 970 1303 lixas
987 1250 1035 1302 ac
1049 1239 1230 1326 tenaces,
1251 1250 1410 1304 errores
1429 1225 1678 1329 imaginatio·

156 1412 158 1419 .
299 1340 364 1420 nis
384 1369 527 1423 eorum
546 1344 705 1449 magni,
724 1343 1032 1453 inquietudine,
1053 1362 1233 1447 terrore,
1257 1347 1490 1424 morositate
1508 1346 1677 1423 minima

299 1488 418 1541 causa
431 1480 653 1561 vexantur;
671 1465 882 1573 suspiciosi
905 1482 1016 1565 sunt,
1040 1466 1148 1545 cauti
1171 1482 1213 1545 et
1236 1463 1501 1544 formidolosi.
1523 1461 1679 1544 Melan·

299 1580 444 1661 ebolici
468 1583 594 1663 animi
608 1586 684 1689 sui
712 1586 888 1694 impotes
915 1604 1028 1690 sunt,
1053 1586 1143 1667 idea
1173 1604 1244 1667 aut
1271 1587 1455 1695 passione
1485 1602 1677 1695 tenentur

299 1705 441 1807 unica,
466 1706 591 1789 modo
611 1708 826 1810 taciturni,
840 1708 964 1789 modo
979 1709 1059 1789 laeti
1080 1726 1196 1807 sunt;
1208 1707 1374 1790 allectus
1387 1707 1514 1787 animi
1530 1707 1680 1786 violeu-

166 1926 170 1937 Ι
261 1882 263 1887 ψ
299 1842 362 1912 ter
391 1852 462 1906 eos
487 1825 708 1921 invadunt3
732 1830 792 1911 ira
807 1830 859 1910 ad
878 1828 1061 1911 furorem
1081 1830 1302 1941 aliquando
1321 1829 1528 1933 evehitur,
1547 1844 1680 1908 metus

301 1949 345 2029 in
393 1965 592 2028 terrorem
632 1946 802 2049 transit,
842 1947 1115 2029 infortunium
1153 1951 1241 2033 leve
1275 1952 1320 2029 in
1356 1951 1712 2056 desperationem·

303 2099 373 2153 eos
400 2069 590 2167 adducit3
618 2068 662 2149 in
687 2068 907 2149 solitudine
937 2068 1119 2155 facillimi
1149 2086 1254 2150 sunt
1282 2069 1455 2151 blaniaci
1479 2066 1605 2149 modo
1627 2086 1683 2149 ta·

304 2194 454 2273 citurni
476 2210 573 2273 sunt
593 2208 633 2271 et
651 2194 825 2291 morosi;
845 2190 970 2273 modo
988 2190 1125 2276 laetitia
1143 2191 1389 2294 exultantes,
1408 2189 1524 2271 furor
1540 2203 1582 2269 et
1600 2216 1684 2267 mo-

304 2333 370 2399 tus
390 2312 610 2400 iracundiae
636 2315 757 2425 hujus
781 2315 916 2398 morbi
935 2333 1211 2429 symptomata
1228 2332 1326 2399 sunt
1346 2311 1680 2427 bequentissima

357 2510 405 2589 In
429 2534 599 2617 genere,
619 2509 803 2591 laesiones
826 2510 982 2593 cerebri
1006 2512 1187 2621 primum
1209 2525 1352 2591 tenent
1379 2507 1516 2587 locum
1541 2500 1682 2616 quoad

303 2632 446 2712 turbas
470 2657 561 2735 quae
581 2634 771 2714 oriuntur
795 2634 839 2715 in
860 2650 997 2716 mente
1006 2671 1025 2738 ‚·
1037 2640 1078 2716 et
1094 2633 1297 2715 influxum
1313 2631 1358 2711 in
1376 2626 1548 2709 morales
1570 2623 1684 2704 affeo

306 2753 463 2851 tiones,
483 2766 712 2859 sequuntur
739 2749 874 2827 morbi
900 2758 1102 2827 viscerum
1132 2754 1483 2844 ebdomadem,
1506 2766 1547 2821 ct
1573 2772 1685 2848 orga-

307 2898 457 2953 norum
470 2870 693 2952 sexualium
711 2896 891 2978 quorum
905 2869 1124 2978 imperium
1137 2868 1181 2949 in
1194 2864 1553 2976 animi‘pathemata
1566 2868 1681 2972 aeque

309 3012 537 3107 potensest
559 2994 603 3073 in
629 3008 736 3074 statu
757 2988 1014 3101 pathologioo
1042 2991 1168 3105 quarn
1194 2992 1238 3073 in
1266 3016 1394 3096 sano,
1421 2986 1599 3099 denique
1625 3012 1683 3066 re

309 3119 405 3211 ferri
432 3116 584 3201 debent
601 3118 735 3197 morbi
757 3142 1003 3224 organorum
1022 3117 1251 3227 impectore
1272 3114 1547 3218 inclusorum,
1576 3134 1682 3220 quoe

310 3268 403 3323 rum
422 3242 588 3348 actioin
604 3242 730 3322 vitam
747 3239 955 3323 relationis
973 3242 1141 3322 minime
1162 3254 1223 3323 est
1241 3234 1491 3350 negligenda.

830 3622 834 3633 .
858 3564 1144 3605 *-
1255 3593 1259 3601 .
