4517 5867
650 654 698 741 48
964 649 1187 723 ANDREAE
1210 646 1387 722 COHEN
1410 648 1700 724 {ttionemn

649 849 833 947 tollatur,
860 862 992 927 metus
1014 849 1058 925 in
1082 862 1280 927 terrorem
1297 862 1480 927 transeat.
1503 847 1634 955 Hujus
1664 845 1821 952 generis
1842 843 2021 931 adfectus

648 969 932 1083 praecavendos
960 984 1001 1049 et
1031 966 1291 1049 debellandos
1313 994 1420 1069 esse,
1442 968 1544 1049 nulli
1569 966 1812 1051 dubitamus.

659 1210 660 1218 '
701 1200 856 1307 Sponte
875 1198 1040 1279 excitari
1064 1223 1151 1278 non
1173 1224 1290 1306 posse
1313 1200 1438 1279 animi
1457 1194 1662 1295 adlectus,
1682 1194 1755 1277 sed
1775 1193 1973 1277 indirecte
1998 1222 2024 1275 a

649 1320 773 1401 rebus
794 1348 885 1431 quse
906 1321 1048 1401 animae
1071 1320 1229 1434 bonum
1255 1338 1327 1401 aut
1352 1320 1505 1401 malum
1525 1318 1610 1418 bis,
1642 1334 1691 1398 ut
1714 1318 1838 1421 solet,
1862 1318 2023 1427 juncta,

649 1459 910 1550 nostramque
940 1439 1128 1520 ducentia
1152 1438 1404 1518 voluntatem
1430 1456 1738 1547 repraesentant,
1761 1440 1844 1547 jam
1871 1439 2023 1549 proba-

645 1564 789 1643 vimus
812 1562 954 1671 Itaque
974 1587 1045 1641 eos
1064 1557 1316 1668 precavendi
1339 1558 1526 1639 facultate
1550 1556 1785 1665 gaudemus,
1804 1562 1838 1641 si
1857 1574 2023 1639 utamur

645 1685 802 1765 ratione
823 1684 874 1789 ac}
892 1684 1161 1792 experientia,
1179 1681 1232 1763 ad
1255 1708 1401 1763 verum
1418 1680 1744 1787 cognoscendum
1765 1701 1902 1763 rerum
1922 1707 2022 1790 pre·

645 1808 770 1905 tium;
794 1834 899 1916 saepe
925 1806 1035 1889 enim
1063 1804 1239 1890 fallimur
1260 1831 1283 1883 e
1309 1805 1498 1913 passione
1517 1830 1711 1906 qun-nou
1724 1818 1915 1879 murram
1933 1806 2021 1900 rei,

643 1928 715 2009 sed
737 1956 783 2015 en
808 1956 901 2039 quae
918 1928 1093 2009 nancisci
1120 1942 1191 2004 aut
1209 1929 1363 1999 evirare
1390 1920 1578 2027 cupimus
1596 1915 1773 1997 ostendit
1799 1934 1841 1997 et
1859 1916 2023 1999 bonum

645 2066 716 2131 aut
743 2050 916 2143 malum,
937 2070 1029 2157 quae
1052 2068 1195 2150 reapse
1214 2067 1300 2125 non
1319 2039 1529 2150 possident
1551 2042 1636 2123 istae
1657 2065 1741 2137 res,
1763 2040 2008 2151 amplificat*

696 2252 902 2363 Imprimis
918 2249 1141 2359 plurimum
1158 2266 1321 2358 praestat
1337 2247 1525 2329 educatio
1545 2252 1757 2361 exquisita,
1773 2279 1854 2363 qua
1866 2252 2022 2332 exacui-

643 2392 711 2457 tur
724 2374 972 2471 intellectus,
990 2370 1231 2453 excoluntur
1253 2398 1407 2469 mores,
1428 2388 1470 2453 et
1486 2375 1592 2453 ratio
1614 2373 1816 2483 praevalet,
1842 2374 1954 2455 unde
1972 2372 2021 2453 fit

643 2514 690 2579 ut
712 2497 874 2579 libertos
891 2496 1030 2606 juveni
1053 2496 1128 2595 sit,
1151 2513 1192 2575 et
1215 2496 1432 2602 imperium
1457 2494 1691 2575 absolutum
1719 2500 1764 2575 in
1792 2514 1920 2577 semet
1950 2498 2018 2604 ip-

639 2646 752 2719 sum,
775 2622 911 2699 minus
932 2633 1186 2729 moveatufa
1213 2617 1560 2707 contionatorum,
1583 2634 1626 2691 et
1643 2616 1799 2691 focium
1821 2620 2018 2723 passioni·

639 2739 719 2819 bus
735 2722 953 2846 'opponere
973 2728 1074 2812 'sese
1086 2722 1229 2811 '‘raleatr

694 2948 903 3026 Ponantur
930 2956 1022 3023 ante
1055 2941 1197 3023 oculos
1229 2956 1350 3053 atque
1375 2938 1607 3022 ediscantur
1639 2941 1897 3028 incommoda
1924 2974 2016 3029 om-

641 3070 732 3165 nia,
755 3063 905 3175 quibus
931 3090 1067 3145 ansam
1095 3062 1279 3174 praebent
1302 3065 1426 3143 animi
1448 3066 1762 3164 commotiones,
1783 3083 1824 3145 et
1843 3094 2016 3175 praeser·

641 3188 717 3267 tim
752 3186 950 3265 fortiores.
986 3186 1073 3265 Sub
1100 3186 1164 3267 his
1196 3189 1307 3267 enim
1333 3185 1499 3265 libertas
1528 3184 1705 3285 tollitur,
1734 3187 1785 3269 ad
1813 3188 2019 3288 actiones,

641 3328 759 3421 quas,
786 3306 850 3388 his
879 3306 1136 3407 absentibus,
1164 3309 1321 3417 judicio
1348 3308 1495 3411 libero,
1523 3310 1741 3421 animoque
1771 3310 2017 3421 tranquillo,

640 3460 725 3513 non
749 3430 906 3513 lecisset
932 3431 1191 3541 compellitor
1211 3423 1353 3532 bomo,
1374 3434 1479 3512 ratio
1505 3434 1752 3534 succumbit,
1772 3452 1813 3515 et
1831 3430 1889 3515 sic
1916 3433 2016 3513 dum

640 3554 841 3637 excedunt
859 3554 1048 3655 modum,
1070 3582 1145 3665 per
1168 3582 1211 3637 se
1235 3557 1391 3635 vitiose
1408 3572 1514 3636 sunt.
1536 3558 1589 3635 Et
1607 3584 1706 3638 vcro
1726 3558 1800 3669 qui
1820 3586 1843 3637 a
1865 3557 2015 3667 passio

639 3676 759 3758 nibus
787 3682 1027 3778 vincuntur,
1055 3682 1128 3791 qui
1157 3680 1279 3759 nimis
1306 3679 1401 3759 elati
1429 3678 1587 3779 laetitia,
1607 3682 1730 3761 nimis
1758 3678 1897 3760 afflicti
1923 3706 2014 3758 mo·

640 3798 752 3878 lestia
777 3818 892 3895 sunt,
921 3802 1031 3886 leves
1055 3800 1294 3914 debilesque
1322 3802 1592 3899 aestimantem
1619 3804 1802 3883 omnium
1825 3800 2015 3905 superior

639 3934 715 4015 est,
737 3923 811 4029 qui
835 3912 1133 4027 pathematibus
1159 3918 1361 4028 imperare
1386 3940 1542 4033 potest;
1572 3924 1659 4023 hic,
1687 3936 1838 4017 tentato
1868 3918 2010 4027 praelio

639 4039 808 4119 rationis
822 4066 921 4146 ope,
941 4036 1177 4147 passionum
1196 4043 1351 4133 victor]
1369 4040 1447 4115 suu
1464 4042 1869 4150 placmqmantem
1887 4038 1939 4115 ab
1959 4038 2009 4115 iis

638 4160 839 4258 vincitur,
866 4160 1002 4239 animo
1026 4156 1219 4238 imbecilli
1245 4182 1331 4239 sese
1353 4171 1521 4239 accuset

690 4370 765 4447 Ast
801 4394 886 4449 non
920 4369 1052 4451 solum
1084 4372 1258 4475 anime,
1289 4352 1596 4452 verumetiam
1627 4372 1791 4479 corpori
1828 4370 2017 4477 ingentes·

638 4484 857 4598 aliquando
889 4490 1118 4579 inferuntur
1156 4491 1298 4575 turbe.
1330 4493 1539 4604 Quisque,
1574 4492 1690 4573 linito
1724 4494 1796 4573 irae
1828 4490 2006 4602 impetu,
