4517 5867
691 664 1030 745 msstnrtrro
1055 670 1266 750 MEDICA.
1620 678 1659 754 13

343 840 456 931 Haec¹
473 872 572 930 vero
602 849 758 947 relatio¹
774 851 1041 961 proficiscitur
1071 884 1119 937 ex
1156 860 1363 961 societate,
1398 843 1585 941 cirilitute
1617 880 1658 942 et

292 970 504 1051 hominum
518 975 761 1053 commercio
771 976 878 1055 inter
900 1002 952 1054 se.
975 978 1045 1055 Hae
1059 984 1325 1088 proprietates
1345 983 1497 1091 quihus
1517 978 1658 1063 orbanss

291 1106 360 1171 tur
377 1092 588 1197 animalia,
617 1097 785 1177 omnino
808 1113 905 1176 sunt
932 1097 977 1175 in
999 1124 1115 1180 causa
1141 1119 1189 1181 ut
1212 1131 1276 1183 res
1299 1103 1524 1184 mundanas
1551 1130 1657 1185 nova

294 1214 371 1295 sub
399 1216 527 1296 forma
557 1219 897 1326 contemplemur,
917 1242 1011 1298 cum
1036 1222 1093 1301 eis
1114 1226 1278 1304 arctiori
1306 1250 1414 1303 nexu
1439 1225 1657 1331 jungamur

290 1352 412 1443 atque
437 1337 595 1418 bonum
619 1356 689 1418 aut
713 1340 881 1441 malum,
902 1338 1088 1421 dolorem
1117 1360 1188 1423 aut
1215 1344 1465 1451 voluptatem
1486 1347 1659 1423 invenia-

289 1482 390 1535 mus.
403 1459 573 1560 Divitiae,
590 1459 783 1557 honores,
796 1460 918 1561 fama,
930 1477 1001 1541 etc.
1017 1464 1059 1540 in
1076 1466 1267 1544 societate
1280 1462 1514 1545 fertilissimi
1532 1466 1657 1543 animi

290 1574 519 1659 adfectuum
537 1578 688 1682 sontes,
709 1582 752 1660 in
777 1581 951 1688 populos
970 1583 1145 1663 incultos
1162 1602 1203 1664 et
1221 1586 1293 1694 qni
1307 1585 1488 1664 civilium
1512 1584 1660 1665 officio·

290 1725 382 1777 rum
400 1700 630 1781 rudimenta
645 1701 830 1783 nondum
848 1722 1105 1811 aeceperunt,
1124 1708 1373 1786 emotionem
1384 1723 1572 1814 praestant
1591 1708 1659 1786 vix

289 1819 530 1901 sensibilem.
556 1826 710 1901 Eorum
728 1824 992 1931 acquisitione
1016 1852 1100 1906 non
1115 1824 1311 1932 gaudent,
1331 1852 1406 1907 nec
1428 1824 1655 1933 deperditis
1720 1870 1723 1875 ·

292 1940 573 2048 aegritudinem
594 1941 682 2017 ciet

342 2152 421 2231 Res
442 2148 649 2231 manifesta
670 2150 802 2231 adhue
825 2167 906 2255 est,
930 2151 1029 2232 dum
1061 2153 1298 2261 conjicimus
1332 2153 1471 2235 oculos
1502 2154 1556 2234 ad
1571 2181 1657 2237 ,eos
1766 2167 1771 2178 '

291 2272 364 2384 qui
387 2272 511 2353 vitum
529 2296 737 2379 segregem
758 2271 936 2378 ducunt,
959 2292 999 2354 et
1019 2273 1071 2353 ab
1093 2274 1307 2355 hominum
1330 2290 1487 2353 caterva
1513 2277 1658 2355 remoti

290 2410 402 2495 sunt,
418 2411 466 2473 ut
486 2395 715 2499 monticoli,
733 2394 936 2495 insularii,
954 2412 1027 2476 etc.
1048 2395 1111 2474 Illi
1132 2395 1270 2475 multis
1292 2397 1420 2476 causis
1438 2396 1658 2475 occasiona-

290 2513 399 2594 libus
432 2517 557 2595 animi
594 2516 824 2597 adfectuum
856 2517 1163 2619 subducuntur,
1191 2519 1378 2624 ignorant
1396 2518 1658 2603 «necessitates

290 2636 383 2717 vita
412 2635 669 2739 adventitias,
688 2638 864 2751 ideoque
886 2639 1148 2747 paucioribus
1174 2626 1403 2719 alliciuntur
1424 2639 1548 2717 animi
1568 2665 1657 2716 mo·
1699 2738 1702 2741 Α

291 2755 418 2857 tibus,
447 2758 520 2865 qui
546 2756 713 2863 insuper
734 2759 906 2834 leviores
931 2780 1027 2833 sunt
1051 2761 1404 2859 characteremque
1424 2757 1658 2839 mobilitatis

289 2902 336 2955 ao
362 2877 639 2957 inconstantiae
674 2874 860 2954 induunt
899 2876 1101 2954 Caeterum
1134 2872 1241 2949 curis
1273 2873 1418 2976 nigris,
1453 2900 1529 2953 nec
1561 2874 1657 2959 odio
1720 2978 1723 2983 Ι

286 2998 416 3077 tenaci
442 2996 697 3097 mordentur,
721 3024 797 3074 neo
823 2995 1062 3101 aegritudine
1084 2992 1376 3094 conficiuntur,
1403 3020 1479 3074 nec
1499 2996 1657 3076 iracun-

288 3117 355 3219 dia
383 3116 666 3214 exardescunt3
688 3143 825 3227 neque
850 3118 986 3197 minus
1012 3115 1137 3196 latent
1165 3142 1235 3195 eos
1262 3114 1437 3219 invidia,
1460 3117 1658 3227 zelotypia

289 3239 501 3347 caeterique
529 3236 649 3345 hujus
678 3238 836 3345 generis
865 3236 1030 3317 allectus
1061 3236 1295 3319 hominibus
1322 3254 1404 3319 tam
1433 3238 1589 3338 infesti,
1616 3257 1657 3319 et

288 3359 378 3443 solo
402 3358 600 3439 societatis
628 3356 772 3439 ellectu
797 3361 913 3439 eneti.
935 3362 1048 3439 Hanc
1065 3350 1274 3441 veritatem
1295 3361 1377 3467 jam
1399 3376 1540 3438 notam
1560 3358 1655 3438 fecit

290 3482 565 3591 Hippocrates.
586 3481 633 3562 Si
668 3510 770 3561 tinus
806 3498 903 3561 esset
938 3481 1074 3584 domo,
1109 3509 1189 3561 non
1226 3478 1393 3580 dolaret,
1431 3506 1533 3556 nam
1571 3506 1653 3557 non
1787 3471 1794 3481 ’

223 3697 228 3708 1
290 3606 405 3682 sciret
429 3600 535 3683 unde
562 3602 711 3683 doleret
730 3634 744 3681 :
789 3603 906 3699 ,idem
951 3602 1002 3682 de
1039 3602 1246 3709 voluptate
1295 3599 1504 3679 enuntiare
1538 3596 1654 3696 licet;

290 3749 433 3803 verum
453 3724 716 3805 admoveatur
739 3741 896 3806 tantum
918 3724 1001 3805 haec
1021 3725 1219 3805 sententia
1246 3720 1298 3803 ad
1318 3719 1503 3802 dolorem
1523 3736 1566 3801 et
1582 3748 1655 3803 vo·

290 3844 486 3954 luptatem
506 3847 742 3955 psychicum
762 3848 848 3927 sive
866 3847 1071 3928 moralem.

343 4036 520 4116 Societas
537 4066 583 4119 ac
603 4040 769 4123 civilitas
799 4038 985 4119 homines
1011 4040 1116 4117 inter
1147 4060 1190 4115 se
1220 4032 1362 4127 nectit,
1393 4033 1540 4115 arctius
1567 4036 1657 4113 vitae
1706 4104 1710 4115 .

216 4208 219 4213 ·
294 4156 472 4235 devincit
489 4156 728 4256 eos,varios
751 4154 911 4236 inducit
929 4184 1047 4259 usus,
1069 4155 1370 4257 institutiones,
1389 4154 1655 4257 necessitates,

291 4303 375 4356 uno
409 4274 558 4378 verbo,
592 4274 753 4355 illarum
785 4302 863 4385 ope
897 4278 1013 4358 aliam
1050 4294 1260 4358 assumunt
1295 4277 1464 4357 formam
1493 4276 1652 4386 objecta

292 4414 478 4500 externa,
498 4424 613 4481 novoe
634 4415 856 4505 exsurgunt
872 4401 1107 4500 relationes,
1128 4398 1222 4482 ideo
1245 4399 1367 4479 animi
1386 4394 1549 4480 allectus
1570 4425 1653 4505 om

295 4520 388 4603 nius
414 4520 582 4628 generis.
