4517 5867
333 571 713 649 contimtum
735 570 803 641 sn
825 571 1171 660 ounsnonnu
1194 573 1527 648 urrnnnnrsn.
1559 597 1605 673 7⁷

246 782 324 837 suo
341 756 469 864 ipsius
486 753 670 862 exemplo
690 749 857 832 affirmat
877 744 987 831 Ceto.
1006 749 1213 830 «Omnino
1232 779 1425 833 canorum
1441 753 1543 835 illud
1562 756 1609 836 in

246 904 349 961 toce
365 875 608 986 splendescit
627 873 764 975 etiam,
781 874 917 952 nescio
936 899 1019 986 quo
1035 881 1170 987 pacto,
1187 872 1232 951 in
1252 890 1470 970 senectute
1497 875 1610 984 quod

247 999 446 1110 equidem
456 998 588 1079 adhuc
600 1024 684 1080 non
694 996 819 1094 amisi;
829 1011 870 1074 et
877 994 1022 1075 videtis
1031 1020 1197 1076 annos.»
1212 993 1306 1101 Cap.
1318 995 1390 1102 9.§
1401 992 1462 1075 28.
1479 993 1559 1072 Sed
1567 995 1612 1072 li·

246 1139 316 1200 cet
326 1149 448 1201 senex
460 1123 505 1202 in
514 1119 797 1200 dicendohanc
810 1116 986 1198 amiserit
1002 1117 1112 1197 vocis
1128 1114 1426 1197 mollitudinem
1443 1127 1485 1192 et
1504 1111 1614 1192 flexi·

246 1240 466 1344 bilitatem,
480 1259 640 1320 ammon
656 1258 715 1320 est
730 1239 899 1320 decorus
912 1239 998 1346 ejus
1013 1265 1164 1336 sermo,
1177 1239 1338 1347 quietus
1351 1252 1393 1315 et
1404 1235 1612 1338 remissus,

249 1359 428 1471 facitque
445 1387 623 1468 persaepe
645 1364 734 1469 ipsa
755 1361 834 1440 sibi
858 1361 1105 1442 audientiam
1125 1360 1263 1440 diserti
1287 1359 1392 1438 senis
1419 1373 1550 1437 comta
1570 1372 1613 1436 et

248 1483 362 1562 mitis
373 1481 513 1560 oratio.
524 1485 582 1580 ος
600 1477 662 1560 28.
683 1483 734 1560 Et
745 1481 840 1560 binc
858 1508 996 1560 rursus
1010 1508 1117 1562 nova
1134 1497 1194 1561 est
1212 1479 1385 1588 petenda
1401 1481 1522 1581 ratio,
1539 1505 1613 1558 cur

249 1629 409 1682 summa
436 1617 611 1708 potestus
634 1603 679 1680 in
700 1603 856 1681 civitate
881 1601 1045 1682 senibus
1070 1603 1122 1680 sit
1146 1599 1383 1681 mandanda.
1411 1597 1473 1679 Illi
1503 1599 1613 1680 enim

250 1724 396 1831 quieto
417 1723 487 1803 illo
508 1740 628 1834 atque
649 1722 806 1831 placido
826 1725 1022 1804 sermonis
1041 1751 1187 1830 genere
1210 1725 1254 1802 in
1269 1723 1452 1802 maximis
1468 1718 1615 1800 tumul·

250 1841 366 1921 tibus
389 1860 509 1953 atque
532 1843 848 1924 dissensionibus
867 1845 1052 1924 civilibus
1074 1844 1185 1924 lncile
1201 1827 1411 1924 seditiosos
1427 1842 1614 1921 homines

249 1965 532 2071 comprimunt
557 1966 792 2074 animosque
816 1966 1117 2048 effervescentes
1138 1968 1298 2074 penitus
1321 1964 1477 2062 sednnt3
1502 1961 1614 2102 quod

251 2084 424 2194 quidem
445 2083 590 2163 melius
613 2103 879 2190 assequuntur
901 2114 1023 2195 quam
1044 2087 1220 2194 perversi
1242 2087 1308 2164 isti
1326 2101 1519 2184 oratores,
1540 2085 1614 2192 qui

251 2204 461 2307 grandiori
493 2229 596 2309 saepe
628 2220 669 2282 et
698 2204 872 2310 pleniori
904 2231 1002 2282 voce
1030 2207 1155 2309 magis
1180 2203 1384 2312 magisque
1410 2203 1616 2284 stimulant
1660 2215 1662 2224 ’

252 2325 361 2403 irum
389 2323 671 2431 improborum
697 2351 847 2433 eosque
880 2327 1028 2430 apertis
1058 2323 1193 2403 verbis
1211 2351 1302 2402 non
1329 2324 1463 2402 minus
1493 2349 1617 2431 quam

254 2441 514 2523 clandestinis
536 2444 739 2523 consiliis
728 2473 772 2523 rn
790 2446 955 2524 exitium
975 2444 1113 2552 patriae
1134 2445 1338 2525 advocant.
1357 2457 1398 2524 At
1418 2455 1520 2533 πόλεις
1541 2457 1616 2524 ὅσον

250 2577 425 2646 πταίσωσιν
452 2573 665 2668 ἣροὸηθῶσν,
685 2571 895 2669 προσίοτίρων
913 2577 1055 2645 ποθοῦσιν
1080 2579 1176 2671 ἀρχὴν
1198 2578 1344 2671 ἀνθρώπω
1344 2604 1371 2646 ν.
1396 2577 1448 2644 καὶ
1470 2576 1616 2680 πολλάκις

255 2692 403 2838 ὶξάγροο
423 2698 612 2787 κατάγουσαι
631 2699 760 2791 γέροντα
785 2700 827 2788 μὴ
851 2688 1009 2790 despesos,
1032 2689 1113 2789 μηδὲ
1137 2697 1356 2842 βρολίροονον’
1338 2698 1532 2790 ηνοὶριασαν,
1554 2671 1616 2764 ds·

254 2844 318 2910 περ
338 2815 446 2884 οίοίοιων
471 2818 528 2907 ipe
508 2813 680 2906 οιψάριονον,
702 2818 743 2891 εἰς
763 2819 894 2904 ἀορσλὶς
914 2827 1109 2888 mensum
1152 2820 1381 2906 «πράγματα,
1402 2816 1618 2910 παρωσάμεναί

258 2963 298 3006 σο
315 2936 489 3031 §pompeis
506 2961 560 3003 σοι
546 2927 781 3028 δημαγωγοὺς
802 2936 877 3024 βοᾷν
895 2935 978 3026 μέγα
992 2957 1045 3000 και
1032 2934 1160 3026 λίγιιν
1182 2933 1309 3011 ἄπνοος(
1326 2921 1395 3027 (1).
1645 2913 1647 2918 ⁵

802 3185 1079 3326 §xxxo

319 3480 434 3558 Hanc
442 3417 688 3582 ⁸singularem
702 3473 865 3556 laudern
879 3475 1103 3556 Homerum
1111 3473 1274 3557 Nestori
1286 3477 1473 3560 tribuisse
1485 3498 1619 3565 narret

267 3599 379 3680 Ceto.
410 3599 601 3678 «Etenim
624 3627 672 3678 ex
696 3597 782 3706 ejus
807 3597 947 3703 lingui
971 3598 1089 3677 melle
1111 3597 1268 3678 dulcior
1296 3599 1445 3684 fluebat
1476 3607 1617 3689 oratio.
1677 3605 1679 3610 ’

269 3722 403 3823 Quem
421 3720 473 3802 sd
489 3722 722 3802 suavitatem
741 3718 876 3842 nullis..
882 3718 1026 3824 egebat
1041 3722 1219 3827 corporis
1236 3720 1432 3804 viribus.»

1021 3923 1110 3990 Τοῖσι
1129 3913 1166 3988 dl
1182 3923 1293 4016 Νίςωρ

550 4028 695 4120 llius-lc
712 4040 872 4136 οίνίροοσο,
887 4043 973 4136 λιγὺς
989 4042 1110 4112 Πυλίων
1129 4043 1301 4138 ἀγορητής,

317 4312 365 4407 (ι)
384 4289 592 4380 nunna.
605 4313 660 4382 sn
673 4308 752 4385 sen
771 4315 921 4389 ossus
932 4315 982 4392 sit
996 4313 1192 4411 capusum
1206 4339 1281 4412 pag.
1297 4317 1373 4412 ρον.
1386 4317 1429 4392 n.
1446 4321 1543 4396 rom.
1556 4317 1616 4400 rt.

271 4419 347 4513 pag.
364 4421 440 4491 165.
454 4419 632 4511 Wyttenb.
850 4430 853 4438 '
