4517 5867
668 614 918 687 nesrossio
944 616 1008 685 au
1027 614 1197 704 oursr.
1221 614 1363 688 sunm.
1650 616 1694 689 σι
1804 576 1808 586 ’

328 842 411 930 qno
439 815 592 897 laetum
613 830 673 896 est
698 816 838 914 etiam,
859 810 995 923 quod,
1012 838 1065 891 ne
1082 828 1218 920 partes
1234 814 1532 925 consequendae
1551 843 1701 925 posses·

328 943 457 1023 sionis
485 941 601 1021 cause
628 940 678 1020 ad
702 966 811 1020 arina
838 938 1023 1036 veniant,
1051 935 1217 1017 cuilibet
1236 942 1455 1047 possessori
1475 954 1701 1049 eomparata

324 1064 654 1163 sintinterdieta,
669 1064 819 1175 quibus
829 1056 1102 1140 mediantibus
1120 1064 1477 1167 possessionem,si
1493 1064 1595 1145 ineal
1611 1080 1699 1143 tur·
1731 1112 1738 1123 ·

327 1184 449 1267 betur
461 1204 532 1267 aut
545 1188 665 1267 etiam
681 1184 727 1263 ed
743 1182 936 1292 spoliatus
947 1182 1019 1280 sit,
1034 1181 1210 1260 retinere
1223 1178 1287 1260 vel
1300 1207 1538 1292 recuperare
1558 1200 1697 1290 potest.

379 1435 615 1517 Retinendae
643 1437 906 1543 possessionis
936 1434 1063 1541 gratie
1095 1450 1325 1543 comparata
1352 1451 1448 1514 sunt
1488 1434 1700 1517 interdicta

326 1561 386 1639 uti
404 1558 620 1667 possidetis
640 1576 681 1640 et
702 1559 864 1657 utrubi,
888 1558 1001 1665 prius
1024 1572 1084 1635 est
1101 1556 1153 1636 de
1173 1556 1297 1636 rebus
1316 1556 1408 1655 soli,
1429 1559 1629 1664 posterius
1647 1557 1700 1637 de

328 1679 452 1761 rebus
468 1678 691 1759 mobilibus
710 1683 752 1761 L.
779 1708 793 1759 1
813 1680 852 1757 ff.
874 1681 933 1758 uti
950 1678 1099 1788 possid.
1113 1680 1237 1756 Lun.
1256 1678 1298 1754 ff.
1313 1677 1465 1757 utrubi.
1487 1682 1580 1759 Haec
1601 1681 1701 1759 olim

328 1830 413 1881 non
433 1802 534 1881 nibil
559 1801 766 1883 dissimilia
793 1818 928 1903 erant,
950 1817 991 1893 at
1013 1799 1179 1880 illorum
1209 1815 1407 1907 potestas,
1428 1818 1626 1910 quantum
1647 1804 1700 1883 ad

327 1926 618 2035 possessionem
636 1927 799 2023 attinet,
818 1920 868 2003 ab
888 1925 1135 2032 Imperatore
1156 1938 1362 2031 exaequata
1375 1939 1436 2003 est
1455 1922 1626 2023 §dlnst
1648 1924 1700 2005 de

330 2048 565 2129 interdictis.

386 2304 492 2383 Hinc
516 2302 689 2415 quilibet
707 2328 933 2409 possessor,
957 2306 1029 2409 qui
1053 2304 1097 2379 in
1124 2305 1374 2407 possessione
1399 2307 1472 2382 sud
1497 2308 1703 2403 turbatur,

328 2444 466 2531 potest
490 2451 563 2529 per
580 2422 841 2522 alterutrum,
862 2438 987 2530 prout
1007 2420 1058 2502 de
1081 2424 1332 2529 possessione
1359 2426 1419 2503 rei
1448 2425 1611 2508 mobilis
1638 2429 1703 2509 vel

331 2541 553 2623 immobilis
581 2544 734 2647 agitur,
762 2569 880 2647 agere
911 2558 1049 2621 eontra
1073 2542 1328 2642 turbantem,
1357 2562 1404 2623 ut
1430 2547 1704 2655 inposterum

333 2664 498 2745 turbare
522 2662 700 2762 desinat,
714 2678 956 2774 praestetque
973 2665 1115 2774 quanti
1135 2665 1263 2771 ipsius
1278 2665 1463 2768 interest,
1486 2672 1703 2775 possessio-

330 2816 426 2867 nem
440 2787 645 2899 turbatam
663 2814 748 2867 non
767 2813 851 2867 esse
864 2789 905 2866 L.
920 2787 962 2887 3,
977 2791 1002 2887 §
1022 2788 1092 2866 ult.
1105 2786 1145 2865 ff.
1157 2789 1217 2867 uti
1230 2787 1379 2893 possid.
1391 2786 1456 2867 Ad
1472 2788 1549 2869 hoc
1566 2808 1704 2873 tamen

331 2934 493 2983 necesse
515 2926 600 2998 est,
626 2924 674 2987 ut
702 2909 997 3007 possessionem
1026 2922 1101 2977 nec
1131 2910 1173 2977 vi
1196 2923 1273 2977 nec
1295 2909 1398 2978 clam
1419 2934 1495 2980 nec
1521 2916 1705 3012 precario

333 3026 386 3107 ab
397 3024 627 3106 adversario
638 3018 719 3102 litis
734 3038 963 3102 contestatae
971 3038 1155 3127 tempore
1170 3017 1380 3125 detineat§
1390 3022 1417 3119 4
1428 3022 1471 3102 in
1485 3023 1565 3106 fine
1578 3031 1705 3113 Instit.

336 3148 386 3229 de
410 3144 555 3227 interd.
570 3146 611 3223 L.
638 3171 652 3223 1
671 3142 711 3221 ff.
726 3145 787 3222 uti
806 3142 953 3251 possid.
971 3145 1015 3222 L
1033 3171 1101 3222 uu.
1122 3143 1166 3222 C.
1186 3142 1293 3247 eod,
1310 3144 1404 3242 ubi,
1420 3162 1461 3226 et
1479 3134 1542 3228 bis
1554 3152 1706 3235 scilicet

333 3266 510 3351 verbis«
524 3292 600 3346 neo
626 3267 667 3345 vi
693 3291 768 3344 nec
794 3264 894 3343 elam
916 3292 992 3344 nee
1015 3266 1196 3373 precario
1209 3298 1231 3341 s
1248 3265 1300 3346 ab
1323 3266 1550 3350 adversario
1568 3277 1704 3356 exelu-

336 3392 447 3473 ditur
464 3392 608 3471 vitiosa
622 3390 832 3495 possessio.
843 3391 957 3496 Opus
971 3390 1110 3499 itaque
1123 3407 1199 3493 est,
1213 3405 1261 3469 ut
1276 3392 1419 3470 vitiosa
1431 3397 1646 3500 possessio,
1662 3397 1705 3478 id

335 3532 416 3615 est,
435 3512 500 3593 vel
522 3509 639 3590 rivel
653 3510 754 3588 clem
768 3510 832 3588 vel
842 3515 1025 3617 precario
1045 3511 1096 3591 ab
1110 3512 1337 3605 adversario
1351 3510 1706 3611 obtineatur3nam

333 3638 367 3717 si
387 3635 488 3715 alter
505 3661 588 3712 non
606 3632 657 3711 ab
673 3632 816 3734 altero,
834 3632 906 3712 sed
927 3634 978 3711 ab
1000 3628 1201 3713 extraneo
1211 3634 1435 3737 possideat,
1458 3630 1553 3712 licet
1570 3638 1611 3714 vi
1635 3658 1706 3721 aut

322 3758 437 3838 'clam
448 3772 518 3835 aut
530 3753 1011 3864 precario,nihilominus
1024 3756 1176 3834 Praetor
1186 3776 1458 3859 possessorem
1467 3762 1655 3839 tueturL.
1673 3790 1705 3864 1,

335 3880 444 3985 §ult
465 3895 507 3958 et
524 3878 600 3955 LL.
622 3903 709 3985 sqq.
727 3872 769 3952 li.
790 3876 850 3955 uti
872 3874 1037 3984 possid,
1057 3873 1195 3953 etboc
1215 3872 1405 3983 estquod
1423 3872 1573 3958 dicitur
1593 3882 1639 3960 in
1660 3886 1703 3963 L.
1816 3936 1820 3941 ,
1879 3936 1887 3950 .

337 4000 407 4079 ult.
427 3998 468 4079 lt.
479 3998 529 4080 de
539 4026 623 4110 aeq.
642 3996 707 4077 vel
725 3997 848 4077 amitt.
869 4023 991 4105 poss,
1003 3997 1191 4077 vitiosam
1204 3995 1497 4110 possessiouem
1516 3999 1705 4083 adversus

339 4138 548 4202 extraneos
562 4118 753 4225 prodesse
769 4117 910 4195 solere.

391 4362 515 4444 Aliud
533 4388 629 4442 vero
644 4362 905 4443 interdictum
916 4380 1190 4472 comparatum
1201 4383 1262 4447 est
1278 4365 1514 4476 possessori,
1529 4368 1601 4477 qui
1618 4394 1704 4451 non

342 4486 474 4570 solum
488 4489 530 4567 in
548 4487 799 4596 possessione
819 4487 890 4569 sud
903 4487 1110 4594 turbatur,
1128 4487 1199 4572 sed
1215 4516 1264 4571 ex
1282 4490 1328 4570 el
1349 4489 1390 4569 vi
1404 4486 1599 4595 dejicitur.
1613 4496 1704 4574 Pro·
