4517 5867
657 596 706 671 86
1051 600 1210 675 FRANC„
1231 602 1321 675 JAC.
1345 601 1634 673 SCHOLLAERT

656 798 796 897 sessio,
815 824 907 879 cnm
925 798 1095 881 colonus
1112 800 1222 881 bone
1237 798 1317 881 fide
1333 800 1387 881 sit
1405 810 1604 910 oportent,
1614 796 1848 906 proscribet
1859 798 1925 880 ille
1942 830 2015 912 per

662 950 708 1003 so
726 922 792 1004 vel
812 950 863 1003 no
882 950 1017 1003 annos

708 1140 909 1223 Cseterum
937 1144 1101 1225 tandem
1126 1143 1368 1251 intelligitur
1387 1140 1516 1240 facile,
1534 1142 1781 1251 principium
1802 1141 1871 1223 hic
1889 1146 2017 1256 exple·

654 1282 793 1345 natum
819 1266 1109 1375 impedimento
1139 1298 1225 1350 non
1253 1296 1361 1371 esse,
1387 1268 1608 1380 quominus
1638 1266 1732 1375 quis
1759 1265 1887 1365 illud,
1910 1270 2017 1380 quod

653 1383 844 1469 hactenus
870 1417 945 1471 suo
966 1396 1132 1472 nomine
1152 1390 1353 1499 possedit,
1369 1391 1468 1471 velit
1489 1418 1535 1471 ec
1554 1388 1684 1499 possit
1704 1388 1834 1469 alieno
1853 1395 2016 1472 nomine

651 1510 872 1614 possidere,
891 1527 940 1589 ut
956 1515 990 1593 si
1008 1510 1201 1609 fundum,
1217 1538 1342 1619 quem
1358 1504 1563 1618 possideo,
1578 1503 1751 1590 vendam
1771 1514 1792 1591 J
1794 1514 1928 1610 oanni,
1942 1515 2015 1622 qui

652 1656 746 1719 enm
762 1632 907 1710 eodem
926 1648 1018 1711 actu
1034 1632 1136 1712 mihi
1147 1632 1269 1733 locat,
1283 1658 1376 1711 nom
1391 1649 1489 1711 tunc
1504 1658 1587 1738 non
1603 1649 1717 1711 muto
1732 1633 1833 1711 mihi
1853 1634 2016 1713 titulum

650 1775 748 1830 mese
771 1751 1050 1858 possessionis,
1073 1752 1144 1833 sed
1162 1752 1305 1833 desino
1324 1752 1533 1862 possidere
1551 1770 1593 1833 et
1607 1753 1730 1833 alium
1746 1782 2018 1862 possessorem

651 1873 874 1959 ministerio
895 1902 987 1957 meo
1003 1872 1110 1959 ,facio
1140 1876 1183 1953 L.
1208 1874 1256 1959 18
1275 1873 1316 1955 ffi
1338 1875 1391 1957 de
1421 1902 1507 1984 aeq.
1527 1874 1593 1957 vel
1616 1878 1737 1957 amitt
1754 1878 2015 1986 possessione.

1109 2188 1302 2273 sscno
1320 2192 1553 2295 QuAsrs.

783 2428 993 2537 Quomodo
1023 2436 1281 2540 acquiratur,
1315 2438 1558 2523 retineatur,
1592 2449 1634 2510 et
1662 2439 1886 2513 omittatur

1206 2575 1433 2679 possessio?
1818 2577 1822 2585 '

697 2874 802 2957 Cum
821 2872 1019 2981 possessio
1039 2869 1184 2950 iisdem
1208 2866 1291 2949 fere
1307 2875 1441 2956 modis
1460 2881 1709 2981 acquiratur,
1728 2882 1952 2963 retineatur
1971 2896 2015 2960 et

644 3001 863 3098 amittatur,
876 3024 921 3077 ec
939 2994 991 3075 de
1008 2996 1104 3076 Jnrc
1122 2996 1325 3087 Romano,
1336 3018 1546 3101 possemus
1561 2992 1628 3073 hic
1640 3011 1822 3104 repetere
1839 3024 1906 3099 ee,
1920 3025 2015 3107 quae

643 3112 687 3201 in
705 3119 1147 3199 nostri'Dissertstione
1165 3116 1351 3225 superius
1366 3114 1418 3195 de
1432 3117 1697 3226 acquisitione
1717 3118 1769 3198 de
1787 3122 2013 3199 retentione

644 3243 753 3322 etde
772 3240 986 3321 emissione
1006 3240 1270 3349 possessionis
1290 3236 1486 3337 diximus3
1504 3254 1659 3319 atvero
1680 3241 1877 3350 quonism
1895 3268 2011 3349 repe·

642 3363 826 3444 titionem
848 3364 959 3442 illam
977 3362 1164 3443 inutilem
1183 3361 1449 3466 arbitramur,
1475 3362 1731 3469 perbreviter
1752 3391 1890 3444 sumus
1908 3362 2010 3442 hono

644 3488 864 3565 sectionem
885 3487 1103 3565 tractaturi.

695 3706 917 3813 Quomodo
935 3708 1160 3819 acquiritur
1179 3706 1403 3817 possessio?
1420 3707 1525 3789 Cum
1549 3710 1809 3817 possessionis
1830 3705 2003 3813 acquisi-

643 3835 701 3914 tio
730 3832 852 3915 hodie
882 3849 929 3913 ut
954 3831 1053 3911 olim
1077 3831 1270 3911 consistet
1301 3830 1568 3936 incorporali
1595 3828 1913 3937 apprehensione
1941 3830 2003 3943 rei

642 3982 736 4039 cum
756 3959 892 4037 animo
919 3954 997 4037 sibi
1023 3953 1225 4055 habendi,
1247 3954 1468 4062 aequiritur
1492 3950 1691 4057 possessio
1717 3950 1770 4031 de
1791 3952 1889 4031 Jure
1915 3953 2003 4029 Ho-

641 4076 880 4193 diernoquti
898 4079 950 4160 de
968 4082 990 4161 J
993 4107 1064 4159 ure
1083 4081 1287 4181 Romano,
1299 4100 1468 4183 corpore
1485 4089 1527 4151 et
1545 4074 1705 4169 animo,
1721 4073 1765 4152 id
1778 4072 1892 4183 quod
1904 4099 1999 4181 pro-

640 4198 739 4280 bant
762 4220 832 4283 ert.
854 4202 957 4285 2228
986 4220 1029 4281 et
1053 4230 1169 4311 2229.
1195 4202 1272 4281 Hic
1292 4200 1403 4279 enim
1424 4196 1595 4307 requirit
1617 4195 1799 4277 animum
1826 4196 1904 4277 sibi
1927 4196 1999 4275 ha-

640 4320 766 4403 bendi
787 4350 835 4405 ex
846 4325 999 4406 verbis:
1015 4322 1042 4401 ὰ
1055 4329 1141 4403 titre
1149 4324 1199 4403 de
1205 4324 1482 4431 propnetoire,
1498 4319 1648 4432 quibus
1660 4322 1808 4418 utitur,
1822 4319 1889 4399 ille
1901 4345 1996 4400 vero

642 4441 848 4524 dicendo:
876 4448 918 4527 lo
937 4448 1154 4557 possession
1177 4463 1233 4524 est
1258 4444 1301 4521 la
1326 4442 1566 4524 detention...
1593 4442 1713 4524 d'une
1740 4444 1893 4525 chose...
1919 4469 1995 4550 que
