4517 5867
628 612 674 745 all
945 619 1164 693 ANDREAE
1186 570 1360 694 conntt
1383 614 1674 694 KHONRAAD

628 812 689 877 est
723 814 764 878 et
794 795 1061 903 calefaciens,
1096 802 1271 883 animam
1300 798 1508 882 turbidam
1538 790 1707 901 reddit,
1742 812 1913 941 eamque
1940 806 1998 887 ad

626 918 853 1059 pathemata
877 918 1027 1029 dirigit.
1052 923 1226 1027 Vinum,
1246 938 1420 1033 potuum
1441 922 1755 1030 spiritnosorum
1785 922 1997 1034 princeps,

626 1040 959 1147 imaginationem
976 1044 1139 1147 exaltat,
1149 1045 1398 1128 intellectum
1411 1045 1537 1147 acuit,
1554 1045 1731 1124 animaru
1743 1041 2000 1184 oblectatur,

627 1160 727 1243 dum
756 1164 961 1247 moderate
991 1169 1168 1249 sumitur
1195 1185 1238 1250 et
1265 1168 1445 1251 adfectus
1477 1183 1645 1275 generat
1673 1167 1901 1249 excitantes
1931 1166 2001 1247 Al·

627 1283 782 1367 coholis
808 1289 958 1370 abusus
969 1318 1172 1406 corpush
1162 1260 1335 1373 destruit
1362 1291 1492 1399 lente,
1520 1308 1562 1372 et
1591 1290 1736 1398 morali
1772 1289 2004 1372 habitudini

627 1436 713 1489 non
738 1409 875 1489 minus
903 1392 1022 1491 offert
1050 1414 1285 1519 perniciem
1316 1416 1453 1495 Homo
1479 1413 1666 1496 ebriosus
1696 1387 1893 1495 omnibus
1917 1412 2009 1495 fere

578 1582 581 1590 ,
627 1529 962 1667 impressionibus
983 1532 1230 1613 insensibilis
1257 1549 1338 1635 est,
1357 1536 1436 1613 nisi
1461 1534 1625 1615 stimulo
1645 1534 1858 1635 alcoholis;
1884 1562 2001 1617 mens

629 1650 717 1761 ejus
743 1649 986 1733 obtunditur
1008 1668 1049 1732 et
1067 1652 1154 1762 ipse
1183 1652 1460 1766 corrumpitur
1487 1672 1528 1738 et
1547 1656 1839 1765 pessumdatur.

683 1880 854 1963 Climata
875 1884 920 1964 in
946 1884 1150 1991 passiones
1170 1883 1352 1963 influunt
1376 1902 1552 1992 quoque.
1577 1880 1625 1960 In
1651 1868 1890 1985 regionibus
1914 1874 2007 1962 oaliss

628 2002 715 2105 dis,
738 2004 920 2106 luminis,
941 2004 1119 2107 calorici,
1138 2001 1256 2085 fluidi
1275 2003 1451 2085 electrici
1468 2028 1614 2111 magna
1632 2003 1748 2110 copia
1764 1999 1911 2083 diffusa
1933 2020 2005 2085 est
2094 2068 2100 2075 .

627 2122 774 2203 incolae
797 2122 998 2206 alimentis
1019 2125 1346 2231 stimulantibus,
1371 2126 1620 2228 aromaticis,
1638 2125 1896 2223 nutriuntur,
1913 2139 2006 2205 san·

629 2247 721 2351 guis
739 2262 902 2328 evectus
926 2264 987 2331 est
1011 2276 1104 2330 aere
1130 2248 1264 2329 calido
1288 2274 1414 2360 quem
1442 2248 1646 2356 recipiunt
1668 2246 1906 2357 pulmones3
1928 2272 2007 2354 pu·

629 2369 766 2451 bertas
792 2372 1007 2489 utriusque
1031 2398 1152 2453 sexus
1176 2398 1326 2480 precox
1355 2388 1440 2470 est;
1462 2372 1515 2453 ad
1543 2371 1772 2479 pathemata
1797 2368 2008 2453 excitantia

630 2493 932 2574 inclinationem
953 2494 1211 2574 contrahunt.
1233 2496 1406 2575 Feroces
1422 2509 1578 2572 suntet
1595 2494 1758 2587 temeri3
1777 2492 2009 2590 calumniis,

628 2612 916 2694 maledicentia
940 2630 1063 2724 atque
1089 2612 1405 2695 intolerabilitati
1429 2610 1722 2711 indulgentia
1745 2610 1905 2712 frigidis
1931 2612 2009 2689 cli·

627 2734 802 2811 ruatibus
831 2734 1039 2807 moderate
1058 2738 1204 2805 vivunt
1221 2732 1431 2826 homines;
1453 2726 1507 2808 ad
1529 2754 1731 2839 quosnam
1757 2729 1884 2822 anim
1910 2758 2003 2813 mo·

628 2870 695 2937 tus
716 2849 900 2961 dispositi
922 2850 1004 2931 sint
1030 2847 1281 2958 intelligitur.
1737 2874 1741 2881 ·

683 3082 767 3185 Qui
781 3106 969 3188 regiones
981 3078 1442 3189 humrdrsetdepressas
1453 3077 1880 3163 habitantindolentes
1892 3098 2009 3183 sunt,

630 3202 874 3307 meticulosi,
892 3204 1085 3313 apatliici3
1109 3206 1201 3316 qni
1195 3202 1384 3287 elevatas
1409 3218 1453 3285 et
1477 3204 1626 3311 sioora,
1637 3203 1861 3347 aiiecdbns
1880 3205 2006 3288 exha-

631 3326 807 3489 lantibus
832 3326 1050 3440 replentur.

642 3569 848 3649 senoni
870 3569 1076 3651 climata
1064 3596 1109 3651 m
1122 3578 1279 3681 corpus
1295 3515 1513 3679 'promota
1532 3567 1776 3653 monetur
1799 3570 1873 3651 iau
1891 3566 2005 3675 jaon

632 3688 692 3769 tio
711 3708 752 3771 et
771 3694 966 3803 temporis
983 3692 1220 3802 longitudo,
1239 3693 1392 3806 quibus
1413 3710 1611 3777 vexantur
1634 3692 1694 3773 illi
1713 3694 1785 3805 qui
1803 3718 1862 3771 ex.
1872 3686 2005 3796 patria

631 3840 704 3895 aua
721 3812 886 3922 relegati
903 3833 1016 3921 sunt,
1033 3846 1127 3897 cum
1148 3816 1332 3926 flagranti
1348 3845 1482 3898 aerem
1500 3812 1719 3923 respirandi
1738 3808 1913 3897 natalem
1931 3836 2003 3891 cu·

634 3934 773 4045 pidine
789 3955 831 4019 et
848 3966 1027 4051 quorum
1045 3940 1193 4023 sanitas
1211 3943 1256 4023 in
1274 3942 1360 4023 dies
1378 3938 1557 4021 deterior
1568 3935 1632 4040 lit,
1651 3934 1729 4015 nisi
1748 3932 1844 4035 buia
1862 3929 2002 4019 indul·

628 4076 782 4163 geatur.
799 4062 960 4169 Ingrata
982 4063 1057 4147 ista
1084 4062 1255 4147 adiectio
1271 4062 1483 4169 nostalgiae
1499 4061 1665 4171 nomine
1693 4054 1896 4173 salutatur.
