4517 5867
636 660 881 755 ararortsto
905 663 968 749 lo
992 668 1161 769 Qunsr.
1185 672 1328 764 roam.
1373 646 1378 655 ’
1620 680 1667 773 aa

296 878 495 958 tationem
518 878 617 985 legis
642 879 711 959 ult
735 879 779 959 C.
800 876 838 957 h.
864 892 892 955 t.
913 902 997 955 non
1022 880 1311 986 restringamus
1335 879 1565 980 adrasum,
1590 883 1663 963 ubi

195 1006 199 1012 ’
295 1001 464 1083 colonus
483 1000 546 1084 vel
567 1001 667 1082 alius
691 1002 983 1111 possessionem
1003 1000 1248 1106 prodiderit,
1271 1001 1344 1116 sed
1375 1030 1462 1083 eam
1484 1001 1662 1113 quadam

295 1127 663 1205 extensione-etiam
672 1126 917 1235 applicemus
937 1123 1060 1223 casui,
1078 1150 1163 1230 quo
1181 1125 1351 1204 colonus
1369 1128 1662 1232 possessionem
1704 1195 1707 1202 .

295 1244 363 1323 alii
389 1248 580 1346 tradidit3
604 1274 697 1327 nam
717 1265 758 1327 et
776 1248 960 1358 sequitur
983 1260 1081 1323 tunc
1102 1261 1285 1357 quoqne,
1309 1246 1422 1355 quod
1440 1251 1494 1346 is,
1516 1252 1583 1329 cui
1597 1276 1661 1328 res
1725 1304 1728 1309 -

293 1364 403 1446 furto
431 1369 557 1449 ablata
577 1389 656 1463 est,
679 1372 981 1475 possessionem
999 1369 1188 1471 retineat,
1214 1396 1266 1445 ne
1287 1366 1440 1445 scilicet
1461 1394 1512 1445 ex
1531 1370 1663 1448 aliena

290 1489 538 1592 malignitate
568 1486 744 1569 alienum
776 1490 969 1571 damnum
996 1505 1192 1597 emergat,
1214 1491 1280 1569 cui
1299 1506 1435 1569 tamen
1453 1518 1540 1570 non
1559 1507 1659 1598 puto
1726 1558 1729 1562 .

291 1610 468 1719 aliquem
490 1620 784 1692 consensurum
804 1640 905 1712 esse,
934 1614 1129 1723 quoniam
1154 1610 1212 1691 sic
1235 1629 1320 1691 tota
1343 1609 1660 1719 jurisprudentia

290 1751 544 1813 everteretur.
564 1738 603 1815 N
604 1763 657 1825 ec,
672 1736 766 1815 facit
784 1736 896 1846 quod
920 1735 1094 1816 verbum
1108 1734 1283 1843 prodere
1297 1734 1517 1844 aliquando
1538 1738 1659 1814 etiam

291 1852 336 1930 in
352 1854 443 1961 jure
457 1856 654 1963 significet
665 1858 824 1939 tradere
837 1885 848 1958 ;
862 1854 957 1937 nam
968 1857 1081 1967 quod
1092 1858 1135 1935 in
1150 1856 1309 1938 dictat,
1327 1855 1658 1961 significationem
1716 1872 1720 1877 ’

286 1972 396 2053 illam
416 2006 500 2058 non
522 1979 685 2078 habeat,
706 1996 814 2080 patet
834 1981 1009 2085 desuper
1023 2006 1072 2060 ex
1093 2006 1159 2081 eo,
1177 1977 1292 2088 quod
1309 1979 1548 2087 Imperatori
1567 1996 1657 2057 tan·

284 2108 373 2170 tum
392 2100 649 2198 propositum
667 2089 789 2169 luerit
801 2089 987 2190 decidere
1000 2096 1265 2201 quaestionem
1275 2116 1575 2174 controversam
1593 2099 1656 2175 in-

236 2254 238 2258 ·
285 2227 350 2289 ter
365 2212 507 2306 JCtos3
527 2209 609 2317 jam
632 2227 768 2290 antem
788 2211 895 2291 inter
916 2213 1025 2318 ipsos
1048 2227 1206 2290 tantum
1234 2230 1535 2311 contraversum
1564 2215 1657 2317 fuit,
1752 2272 1759 2280 -

286 2350 426 2417 utrum
444 2334 488 2411 in
507 2360 601 2411 casu
625 2330 871 2440 proditionis
899 2336 1096 2441 possessio
1114 2333 1406 2439 intelligeretur
1426 2337 1583 2438 amissa,
1603 2336 1655 2415 de

286 2453 412 2533 altero
430 2482 527 2533 vero
546 2480 654 2551 casu,
675 2480 760 2563 quo
778 2454 947 2533 colonus
958 2457 1252 2561 possessionem
1271 2456 1338 2534 alii
1350 2455 1531 2559 tradidit,
1544 2454 1653 2536 nulla

289 2572 366 2652 fuit
382 2578 487 2683 inter
497 2575 605 2678 ipsos
614 2582 885 2657 controversia
896 2636 905 2674 ,
915 2593 963 2655 ut
973 2593 1128 2655 constat
1138 2604 1186 2656 ex
1198 2580 1240 2655 L.
1252 2576 1321 2680 33,
1331 2578 1391 2675 §d
1402 2578 1440 2655 ff.
1457 2578 1507 2657 de
1515 2606 1652 2687 usurp.

288 2710 330 2773 et
339 2720 461 2792 usuc,
471 2693 544 2772 ubi
558 2690 722 2791 dicitur,
736 2696 813 2773 hoc
823 2696 952 2800 palam
962 2692 1342 2805 esse;veriusigitur
1353 2698 1650 2798 videtur,hune

153 2860 159 2865 -
288 2832 423 2894 casu‘m
446 2841 529 2895 non
551 2842 635 2893 esse
654 2830 899 2914 correctum,
917 2832 957 2893 et
975 2815 1148 2923 proinde
1169 2820 1247 2922 ipsi
1267 2820 1546 2925 applicandam
1567 2845 1651 2899 esse

287 2936 489 3043 regulam:
501 2937 582 3045 juri
600 2937 725 3016 veteri
743 2932 932 3015 standum
955 2950 1036 3030 est,
1062 2934 1193 3015 donec
1218 2936 1448 3014 inveniatur
1465 2964 1650 3044 expresse
1721 2984 1724 2987 ·

286 3076 524 3137 correctum.
537 3062 730 3137 Praeterea
748 3058 856 3137 hisce
873 3056 990 3136 dictis
1010 3073 1050 3135 et
1067 3055 1145 3135 hoc
1157 3056 1327 3159 accedit,
1337 3056 1466 3167 quod,
1481 3059 1647 3169 quando

240 3232 243 3237 -
286 3178 477 3260 dominus
503 3182 546 3256 in
565 3205 659 3257 casu
672 3176 916 3284 proditionis
934 3178 1228 3284 possessionem
1247 3206 1360 3261 suam
1378 3182 1568 3278 retineat,
1580 3181 1648 3262 fiat

283 3300 361 3379 hoc
383 3298 583 3381 mediante
605 3299 703 3407 legis
712 3299 893 3401 fictione,
908 3326 1055 3408 nempe
1073 3301 1209 3380 statim
1222 3328 1267 3380 ac
1281 3300 1450 3380 colonus
1462 3301 1527 3379 rel
1546 3300 1647 3382 alius

283 3425 534 3529 possessione
562 3422 802 3521 discesserit,
823 3420 939 3529 fingit
959 3422 1023 3503 lex
1044 3422 1319 3503 detentionem
1338 3421 1390 3501 ad
1416 3424 1549 3527 ipsum
1571 3420 1644 3502 do·

268 3546 438 3648 ,minum
462 3546 615 3644 redire,
635 3530 728 3623 cum
748 3544 841 3625 alias
863 3544 1016 3654 absque
1040 3544 1121 3623 ulla
1140 3537 1373 3624 detentione
1391 3539 1484 3620 fieta
1500 3541 1562 3620 vel
1582 3569 1645 3621 na·

282 3664 399 3745 turali
419 3656 663 3772 possideret,
686 3664 800 3775 quod
830 3663 916 3743 fieri
945 3667 1107 3775 nequit,
1130 3692 1225 3744 cnm
1250 3663 1447 3771 possessio
1469 3664 1556 3743 sine
1574 3662 1644 3747 de·

280 3789 461 3865 tentione
476 3789 615 3867 saltem
633 3786 739 3885 ficu,
756 3814 840 3867 non
858 3787 982 3892 magis
997 3812 1121 3896 quam
1135 3787 1222 3865 sine
1239 3786 1375 3864 animo
1389 3782 1643 3892 intelligatur.

280 3905 333 3981 At
351 3930 448 3983 vero
471 3907 634 4013 quando
662 3908 829 3987 colonus
854 3907 917 3986 vel
941 3907 1043 3987 alius
1070 3907 1366 4015 possessionem
1389 3906 1502 3986 alteri
1520 3906 1642 3987 tradi-

144 4064 153 4074 ·
280 4022 355 4127 dit,
369 4051 452 4104 non
471 4040 631 4131 poterat
649 4030 716 4099 illa
734 4030 842 4103 fictio
858 4026 1032 4123 admitti,
1050 4029 1244 4132 quoniam
1260 4026 1310 4104 ad
1330 4056 1419 4107 eam
1436 4027 1645 4110 admitten-

145 4246 149 4253 ,
279 4140 372 4221 darn
385 4170 450 4221 res
462 4142 629 4220 deberet
644 4140 784 4220 saltem
801 4140 939 4249 aliquo
953 4158 1161 4224 momento
1176 4144 1385 4229 detentore
1404 4178 1487 4231 esse
1501 4172 1641 4246 vacua,

278 4264 472 4372 quoniam
487 4254 604 4367 'leges
630 4261 837 4369 possibilia
861 4262 1028 4371 quidem
1051 4291 1138 4344 non
1165 4263 1262 4347 vero
1280 4264 1543 4378 impossibilia
1562 4265 1640 4345 fin·

281 4398 398 4489 gunt3
413 4381 494 4489 jam
515 4399 666 4491 autem,
682 4380 795 4493 quod
812 4382 856 4463 in
879 4410 971 4466 casu
989 4387 1252 4491 possessionis
1270 4388 1424 4472 traditae
1441 4412 1505 4467 res
1522 4386 1636 4469 nullo
