4517 5867
598 716 600 720 ¹
637 627 660 698 a
980 603 1210 705 numism
1233 633 1295 701 uu
1318 630 1452 702 emur
1475 630 1654 702 nouam

683 823 930 906 sensibilius
950 827 1138 929 organica
1155 850 1203 902 ea
1223 839 1285 902 est
1303 849 1395 932 quae
1413 823 1696 929 impressiones
1712 824 1881 932 recipit,
1898 851 2003 935 qua·

630 975 722 1028 rum
741 949 889 1026 conscii
909 973 993 1026 non
1008 971 1165 1043 sumus;
1179 943 1457 1024 functionibus
1474 945 1673 1049 organicis
1691 961 1848 1050 praeest,
1864 947 2003 1055 itaque

627 1085 668 1147 et
693 1066 987 1174 vegetabilibus
1013 1084 1054 1146 et
1083 1066 1323 1148 animalibus
1350 1065 1586 1151 communis.
1621 1063 1868 1144 Sensibilitas
1898 1093 2001 1145 vero

625 1188 808 1267 animalis
829 1190 1112 1295 impressiones
1135 1190 1305 1298 recipit,
1327 1213 1502 1299 quarum
1525 1185 1676 1266 conscii
1697 1211 1858 1283 sumus3
1880 1185 1998 1268 func-

626 1309 807 1389 tionibus
826 1310 1017 1390 omnibus
1036 1309 1276 1392 animalibus
1296 1326 1460 1418 praeest,
1482 1310 1618 1420 itaque
1641 1325 1799 1390 tantum
1818 1309 1999 1389 animali·

626 1429 705 1510 bus
723 1433 896 1540 propria.
916 1433 1072 1512 B1cusr.
1341 1414 1348 1432 ¹

675 1598 756 1679 Sed
784 1603 935 1705 optima
963 1599 1187 1682 differentia
1215 1602 1322 1680 inter
1348 1627 1521 1710 corpora
1553 1602 1741 1707 organica
1768 1598 1822 1678 ab
1850 1625 1996 1679 eorum

627 1723 921 1828 compositione
942 1723 1118 1832 petenda
1143 1723 1228 1804 est':
1250 1723 1490 1829 vegetabilis
1508 1719 1700 1800 carbonio
1723 1736 1764 1801 et
1789 1719 2000 1827 productis

627 1846 860 1949 oxygenatis
891 1843 941 1925 ad
968 1845 1320 1926 fermentationem
1347 1847 1533 1926 vinosam
1559 1841 1888 1939 transeuntibus;
1913 1843 2000 1920 ani·

626 1962 744 2042 malia
763 1991 864 2044 vero
888 1966 1112 2072 phosphate
1134 1966 1252 2046 calcis
1274 1983 1317 2044 et
1338 1965 1550 2073 productis
1570 1966 1733 2046 mutu
1754 1963 1806 2045 ad
1829 1963 1994 2044 decom·

624 2084 869 2185 positionem
892 2085 1098 2189 putridam
1115 2087 1255 2191 pronis
1275 2085 1496 2164 abundant.
1828 2112 1835 2125 ·

633 2344 636 2350 Ι
664 2249 866 2346 ΙΒοῖειιιίοῑι
884 2265 945 2327 est
964 2252 1141 2358 cognitio
1159 2251 1371 2358 principiis
1391 2252 1585 2359 acquisita
1598 2250 1720 2358 hujus
1732 2251 1856 2358 partis
1871 2249 1997 2345 hieto-

624 2357 693 2447 riae
718 2368 911 2448 naturalis
937 2397 1029 2480 quae
1052 2373 1188 2450 omnia
1209 2371 1447 2477 vegetabilis
1473 2371 1761 2478 complectitur.
1789 2375 1842 2452 -In
1865 2389 1999 2481 partes

622 2491 703 2569 tres
720 2491 940 2596 praecipuas
964 2492 1087 2600 vulgo
1112 2491 1391 2596 distribuitur,
1415 2494 1713 2596 santonicam,
1739 2493 1995 2601 Physiologi·

622 2637 711 2690 cam
731 2629 772 2691 et
789 2611 1030 2700 Cbemicam.
1389 2640 1392 2648 ·

675 2780 815 2879 Planta
822 2759 1108 2878 mumductio
1117 2782 1308 2864 naturalis
1322 2784 1523 2884 organica,
1532 2734 1655 2878 vulgo
1665 2799 1781 2865 terrm
1791 2779 1998 2860 adhaerens

624 2901 725 2981 etin
743 2895 856 3004 cujus
876 2893 1168 2999 compositione
1185 2890 1425 2970 carboniam
1444 2909 1486 2972 et
1507 2895 1755 2998 oxygonium
1772 2895 1996 2982 abundant.

675 3055 829 3133 Omnes
847 3065 981 3158 partes
1000 3047 1141 3128 solidas
1156 3049 1379 3127 necessario
1400 3073 1422 3126 e
1443 3045 1580 3133 fluidis
1598 3064 1695 3130 orta
1716 3067 1821 3131 sunt.
1844 3053 1926 3135 Sed
1946 3074 1995 3136 ut

622 3173 826 3283 liquidum
838 3171 952 3252 fieret
963 3170 1158 3270 solidum,
1175 3197 1298 3280 aqua,
1313 3170 1355 3250 vi
1373 3169 1533 3248 calorici
1551 3185 1718 3273 mutata,
1737 3173 1782 3250 in
1795 3172 1994 3256 elementa

620 3320 712 3393 sua,
736 3295 981 3400 oxygenium
1002 3310 1043 3372 et
1066 3285 1366 3399 hydrogenium
1389 3289 1629 3373 resolvenda
1651 3290 1757 3371 fuit:
1788 3292 1892 3375 hanc
1919 3297 1994 3378 de.

619 3416 955 3522 compositionem
973 3413 1064 3518 lux,
1082 3413 1193 3504 calor
1212 3429 1255 3494 et
1274 3412 1508 3497 electricitas
1529 3439 1723 3526 peragere
1752 3413 1991 3502 debuerunt.

631 3627 636 3636 ·
670 3572 781 3650 Dum
799 3596 904 3680 aqua
923 3595 1089 3649 murum
1107 3567 1417 3673 organisabilem
1433 3570 1633 3674 continet,
1651 3572 1808 3652 actione
1820 3601 1989 3678 magno·

618 3717 711 3772 rum
728 3692 818 3770 vitae
833 3688 1066 3794 vegetabilis
1083 3689 1343 3791 irritantium,
1360 3687 1498 3771 formae
1515 3691 1719 3790 oriuntur,
1740 3719 1831 3798 quae
1851 3699 1987 3774 omni-

618 3810 697 3894 bus
717 3815 762 3894 in
785 3811 1019 3920 primordiis
1038 3835 1197 3917 semper
1216 3808 1368 3890 eaedem
1388 3827 1616 3892 occurrunt.
1642 3812 1736 3892 Haec
1759 3810 1887 3898 forma
1908 3813 1989 3894 du·

617 3931 710 4037 plex
727 3951 808 4014 est:
825 3931 1123 4040 hydrogenium
1136 3931 1305 4042 extaqui
1319 3931 1498 4040 primum
1511 3958 1598 4015 sese
1612 3931 1814 4034 evolvens,
1828 3935 1990 4045 quippe

619 4075 712 4136 eum
736 4052 926 4134 solutioni
951 4051 1094 4158 exigual
1116 4053 1158 4132 vi
1180 4051 1396 4154 adhaereat,
1422 4052 1609 4159 globulos
1636 4071 1678 4134 et
1693 4053 1886 4136 vesiculas
1903 4057 1986 4135 for-

483 4231 494 4242 .
617 4185 721 4268 mat3
741 4176 985 4281 oxygenium
1002 4171 1116 4283 quod
1133 4190 1273 4280 postea
1292 4172 1465 4277 secedit,
1482 4173 1639 4280 radios,
1655 4173 1843 4262 tubulos:
1864 4169 1985 4263 fibras

616 4306 658 4372 st
674 4289 824 4378 tomas
842 4297 1066 4378 rectilineus
1080 4293 1282 4401 producit

664 4458 769 4544 cnm
787 4462 923 4566 itaque
945 4460 1241 4568 hydrogenium
1265 4463 1380 4567 prius
1401 4463 1579 4564 secedat,
1601 4463 1789 4548 formatio
1815 4463 1981 4576 globosa
