4517 5867
629 349 697 446 196
1004 341 1153 415 PETRI
1175 324 1268 412 tos.
1292 341 1395 414 VAN
1417 339 1520 414 nstt
1541 341 1646 417 nott

622 547 768 626 tuere,
795 521 867 604 ssd
897 519 1122 630 probabilia
1152 535 1309 601 tantum
1336 508 1481 631 sequi,
1515 513 1608 633 quaa
1636 522 1783 630 supina
1808 524 1920 608 inter
1946 548 1993 612 se

623 645 828 728 differunt
856 643 908 726 Et
940 647 1013 754 qui
1043 645 1273 752 vituperare
1300 668 1348 722 ea
1371 645 1416 722 in
1442 670 1486 724 re
1512 636 1752 725 Ciceronem
1784 648 1989 755 audeant,

621 773 755 878 ipsum
773 759 940 850 audiant
954 764 1005 846 dc
1022 793 1065 846 sc
1081 765 1158 844 hoc
1173 764 1430 873 profitentem
1451 765 1495 843 iu
1516 765 1748 846 Tusculani
1764 771 1890 876 primi
1906 773 1986 878 (1),

620 879 695 970 ubi
720 891 823 972 hanc
847 890 977 997 ipsam
1000 887 1211 966 materiam
1234 902 1473 966 tractaturus
1497 885 1553 964 ita
1575 885 1786 995 loquitur:
1806 889 1986 972 «Geram

620 1011 696 1090 tibi
716 1037 894 1110 morem,
911 1026 953 1092 ct
972 1037 1021 1088 es
1039 1029 1132 1117 quaa
1149 1008 1232 1108 vis,
1248 1024 1298 1086 ut
1314 1022 1479 1115 potero,
1500 1005 1735 1114 explicabo:
1754 1036 1830 1088 nec
1850 1027 1985 1092 tamen

619 1133 734 1241 quasi
758 1131 926 1240 Pythius
948 1129 1116 1238 Apollo,
1143 1143 1249 1207 certa
1271 1144 1319 1206 ut
1340 1129 1422 1206 sint
1441 1143 1483 1206 et
1501 1125 1597 1229 fixa,
1620 1155 1711 1235 quar
1729 1127 1892 1230 dixero;
1914 1132 1987 1220 sed

618 1271 666 1332 ut
687 1253 957 1335 homunculus
974 1278 1081 1332 unus
1098 1278 1122 1331 c
1139 1248 1295 1350 multis,
1311 1246 1541 1356 probabilia
1556 1249 1784 1356 conjectura
1796 1277 1978 1362 sequens.

619 1370 734 1456 Ultra
750 1378 860 1454 enim
877 1400 962 1482 quo
976 1371 1227 1479 progrediar,
1246 1395 1369 1478 quam
1387 1384 1435 1449 ut
1451 1370 1536 1449 veri
1550 1367 1708 1450 videam
1718 1372 1880 1475 similia,
1892 1378 1981 1455 non
2109 1371 2116 1378 ’

617 1487 766 1595 habco,
792 1510 899 1573 certa
922 1493 1058 1574 dicent
1079 1492 1130 1592 ii,
1159 1493 1233 1600 qui
1256 1505 1300 1570 et
1320 1491 1477 1598 percipi
1504 1517 1550 1570 aa
1567 1517 1684 1599 posse
1705 1491 1846 1572 dicunt
1866 1511 1908 1574 et
1931 1521 1977 1576 se

616 1617 817 1720 sapientes
834 1641 919 1692 esse
939 1612 1191 1721 profitentur.
1201 1641 1223 1686 s
1241 1610 1392 1693 Eadem
1411 1612 1495 1692 fere
1512 1611 1593 1692 alio
1610 1611 1765 1720 loco(u)
1778 1613 1982 1722 professus

615 1749 697 1814 est:
717 1735 832 1814 «Nos
848 1748 996 1834 autem,
1013 1748 1061 1813 ut
1073 1732 1196 1812 catari
1214 1731 1292 1812 alia
1304 1749 1430 1831 carta,
1450 1732 1528 1838 alia
1542 1733 1693 1814 incerta
1711 1762 1797 1814 csse
1814 1735 1975 1838 dicunt,

614 1857 671 1934 sic
699 1855 749 1934 ab
777 1855 827 1934 iis
851 1853 1130 1942 dissentientes
1159 1852 1236 1936 alia
1262 1851 1509 1975 probabilia,
1533 1853 1609 1942 alit
1638 1882 1722 1936 uon
1750 1856 1981 1964 probabilia

613 2001 700 2060 csse
720 1977 935 2059 dicimus.»

1001 2153 1003 2161 ’
1138 2211 1445 2350 §Lxxxt

660 2511 741 2594 Sed
751 2511 857 2597 atad
868 2512 989 2594 linem
998 2511 1163 2594 tandem
1174 2511 1442 2624 perducamus
1451 2528 1627 2593 nostram
1641 2509 1975 2620 disputationem,

607 2660 692 2728 non
706 2633 939 2715 dubitamus
952 2637 1170 2748 quominus
1184 2661 1232 2714 ex
1249 2637 1299 2714 iis
1314 2662 1404 2744 quaa
1423 2633 1640 2714 dictasunt
1657 2661 1681 2716 a
1698 2633 1851 2713 Catone
1869 2635 1973 2717 illud

605 2752 970 2856 efficiatum-evera
982 2757 1164 2835 animum
1177 2781 1262 2834 csse
1274 2755 1563 2852 immortalem
1574 2780 1654 2866 qua
1666 2756 1905 2860 cogitatione
1914 2760 1969 2838 ita

604 2873 674 2954 ille
690 2891 873 2977 tenetur,
889 2890 936 2954 ut
954 2875 1075 2956 etiam
1095 2875 1129 2954 si
1147 2875 1193 2954 in
1209 2873 1289 2954 hoc
1300 2893 1422 2974 erret,
1441 2874 1616 2956 libenter
1631 2903 1675 2956 sc
1695 2904 1829 2957 errare
1842 2877 1969 2981 dicat,

603 2981 739 3105 nequc'
757 2993 866 3074 hunc
894 3021 1096 3094 errorem,
1117 3022 1202 3103 quo
1223 2994 1447 3076 admodum
1464 2996 1706 3099 delectetur,
1719 2995 1818 3076 dum
1836 3001 1968 3079 victu·

603 3139 674 3194 rus
695 3117 768 3216 sit,
792 3115 871 3196 sibi
894 3116 993 3198 velit
1013 3117 1245 3227 extorqueri
1261 3114 1328 3224 (3).
1352 3116 1612 3224 Quapropter
1627 3143 1750 3197 senex
1767 3116 1836 3196 ille
1853 3145 1970 3224 egre·

603 3237 714 3344 gius,
740 3233 920 3350 ¹futuram
945 3237 1027 3347 jam
1053 3254 1096 3317 ct
1119 3237 1330 3320 meliorem
1354 3237 1480 3320 vitam
1505 3239 1621 3351 quasi
1646 3238 1784 3320 animo
1811 3240 1968 3353 perlus-

644 3469 695 3561 (ι)
717 3469 934 3564 Crustu·

645 3619 694 3710 (a)
716 3620 766 3688 Do
778 3619 903 3692 officiis
913 3623 988 3690 Lib.
1002 3623 1046 3691 ll.
1057 3647 1132 3719 cap.
1144 3644 1176 3692 ο.
1185 3624 1247 3712 57·
1707 3710 1712 3718 1

642 3768 692 3860 (5)
713 3771 943 3844 Pulcherrima
954 3777 1036 3843 item
1048 3787 1127 3843 sunt
1137 3777 1195 3843 illa
1207 3775 1402 3867 Philosophi
1415 3749 1673 3846 Franco-Galli:
1687 3773 1788 3842 «Plus
1800 3775 1834 3862 ja
1842 3787 1957 3843 rantra

596 3899 641 3945 en
651 3877 740 3963 moi,
752 3879 830 3978 plus
842 3880 875 3968 je
889 3901 944 3946 me
959 3881 1127 3964 consulte,
1144 3892 1177 3946 et
1192 3881 1270 3969 plus
1286 3880 1319 3967 ja
1332 3880 1374 3952 lia
1389 3903 1442 3946 osa
1457 3894 1545 3952 mota
1561 3882 1656 3948 ecrita
1666 3881 1746 3953 daus
1760 3901 1845 3947 mou
1857 3879 1954 3948 ime:

595 3978 667 4048 sois
678 3982 783 4068 juste,
794 3995 826 4049 at
842 3995 881 4050 tu
892 4006 977 4052 seras
990 3986 1158 4054 henrcux.
1176 3984 1296 4050 Iln'eu
1306 3995 1352 4050 cst
1362 3984 1438 4051 rien
1447 3997 1619 4074 pourtant,
1633 3984 1761 4066 dir-tu,
1779 3983 1800 4047 d
1813 3983 1961 4050 consite·

595 4085 651 4159 sur
660 4087 750 4154 l’e'tat
757 4079 891 4177 present
897 4089 953 4155 des
962 4091 1085 4157 choses.
1101 4091 1149 4158 Lc
1159 4089 1316 4164 meabant
1326 4084 1584 4180 protpms,etle
1595 4090 1682 4176 juste
1693 4087 1958 4176 resteopprimd.

594 4187 708 4280 Voyea
726 4191 811 4262 aussi
827 4194 937 4283 quelle
956 4193 1167 4285 indignation
1184 4193 1337 4261 s’allumc
1352 4215 1396 4260 en
1412 4215 1525 4281 nous,
1540 4194 1656 4284 quand
1673 4204 1757 4260 cette
1772 4203 1892 4260 attente
1906 4202 1958 4259 cst
