4517 5867
667 600 914 671 nmrousto
940 601 1002 669 tn
1025 600 1195 689 Quesr.
1220 606 1360 679 tumn.
1640 604 1684 688 st

322 802 537 885 defectum.
554 799 798 883 detentionis
832 801 1125 910 possessionem
1163 806 1281 886 inviti
1314 808 1547 887 amittimus⁸
1584 806 1691 892 Huic

320 942 453 1006 tamen
480 924 605 1007 modo
624 943 671 1006 ut
687 925 799 1007 locus
817 924 885 1020 sit,
898 948 1060 1007 neeesse
1078 941 1155 1025 est,
1173 947 1219 1009 ut
1237 958 1324 1013 rem
1340 934 1397 1011 ita
1416 931 1596 1012 detinere
1616 929 1688 1011 de·
1755 1010 1760 1021 ,

320 1051 513 1150 sinamus,
533 1080 584 1133 ne
603 1050 769 1137 facultas
784 1062 857 1129 snt
871 1072 963 1153 spes
982 1046 1146 1127 moralis
1166 1076 1254 1129 rem
1274 1057 1424 1135 iterum
1442 1084 1613 1165 corpore
1626 1082 1691 1163 ap

319 1174 603 1280 prehendendi
625 1172 745 1249 nobis
779 1168 951 1278 amplius
984 1173 1187 1278 supersit;
1214 1174 1309 1253 alias
1341 1176 1450 1254 enim
1485 1179 1687 1262 mediante

317 1296 478 1405 fictione
501 1296 599 1400 legis
620 1295 913 1403 possessionem
940 1296 1163 1377 retinemus
1189 1299 1233 1374 L.
1256 1295 1300 1399 3,
1319 1297 1344 1391 ὃ
1369 1297 1471 1380 titi.
1494 1298 1533 1377 h.
1552 1316 1579 1377 t
1600 1302 1687 1381 Cae·

316 1434 448 1516 terum
468 1434 601 1495 tamen
622 1414 730 1495 haud
748 1444 839 1497 raro
860 1416 1032 1519 obtinet,
1052 1418 1167 1527 quod
1186 1419 1415 1501 facultatem
1438 1420 1568 1523 illam,
1587 1423 1690 1501 etin

315 1542 643 1649 consequentiam
657 1543 951 1649 possessionem
972 1542 1150 1623 amisisse
1177 1542 1472 1649 intelligamur,
1493 1544 1551 1625 sie
1569 1545 1603 1624 si
1627 1571 1691 1624 res

313 1664 357 1741 in
376 1662 528 1743 flumen
546 1680 615 1743 eut
632 1692 741 1743 mare
760 1664 950 1745 inciderit
968 1667 1013 1745 L.
1040 1666 1085 1745 13
1107 1665 1146 1743 ll.
1166 1665 1204 1743 h.
1221 1684 1267 1767 t,
1285 1666 1350 1745 vel
1368 1693 1456 1745 rem
1475 1667 1532 1745 ita
1550 1666 1689 1775 perdi·

315 1784 567 1889 derimus,ut
585 1789 820 1893 ignoremus
842 1788 914 1869 ubi
937 1789 989 1869 sit
1000 1791 1041 1866 L.
1062 1787 1129 1885 25,
1148 1790 1191 1866 L.
1211 1786 1253 1887 3,
1274 1792 1300 1886 §
1326 1785 1373 1867 13
1391 1786 1431 1864 ff.
1452 1786 1490 1865 h.
1512 1804 1558 1890 t,
1576 1789 1688 1867 intel·

313 1908 486 2015 ligemur
507 1912 802 2020 possessionem
826 1914 1002 1991 amisisse
1021 1909 1183 1991 defectu
1203 1909 1471 2012 detentionis,
1493 1911 1689 2017 quoniam

314 2032 376 2113 his
393 2038 437 2113 in
454 2036 611 2117 casibus
620 2036 774 2115 nullam
789 2036 963 2143 amplius
972 2035 1170 2121 habemus
1185 2033 1432 2136 facultatem,
1445 2059 1533 2111 rem
1543 2034 1710 2138 iterum¹

313 2183 484 2265 corpore
506 2154 848 2268 apprehendendi.
861 2160 915 2235 At
926 2160 960 2237 si
978 2184 1065 2236 rem
1079 2185 1164 2236 non
1177 2159 1232 2235 ita
1245 2155 1576 2264 perdidissemus,
1588 2154 1690 2264 quin
1809 2172 1815 2179 ·

314 2304 404 2357 eam
435 2279 618 2386 diligenti
648 2281 911 2390 inquisitione
946 2281 1146 2384 possimus
1175 2280 1381 2373 invenire,
1399 2296 1447 2359 ut
1469 2280 1503 2357 si
1522 2276 1628 2374 loci,
1646 2277 1690 2351 in

313 2421 405 2509 quo-
431 2430 520 2478 oam
552 2396 820 2479 conseruandi
854 2398 970 2477 causi
1002 2398 1237 2507 posuimus,
1263 2392 1532 2477 solummodo
1572 2393 1689 2473 obliti

311 2524 456 2616 simus,
475 2550 559 2601 non
572 2523 793 2601 amittimus
815 2520 900 2627 ejus
918 2522 1230 2629 possessionem,
1246 2522 1361 2632 quin,
1378 2547 1472 2600 cum
1490 2546 1580 2599 rem
1602 2516 1692 2597 dili·

313 2648 423 2751 genti
459 2647 723 2756 inquisitione
760 2646 959 2751 possimus
989 2644 1197 2744 invenire,
1230 2644 1442 2724 infirmitas
1478 2642 1688 2726 memorien

312 2798 398 2850 non
416 2770 539 2851 debet
566 2769 686 2849 nobis
712 2766 870 2849 adferre
893 2767 1089 2849 damnum
1110 2770 1153 2847 L.
1172 2766 1251 2866 dd,
1271 2770 1314 2849 L.
1341 2766 1388 2867 3,
1410 2772 1436 2867 §
1461 2764 1508 2847 13
1536 2767 1582 2861 iu
1607 2762 1688 2844 fine
1758 2853 1762 2859 Ι

313 2890 354 2967 ll.
381 2892 419 2973 h.
450 2909 476 2973 t
1668 2911 1671 2917 ’

338 3182 346 3201 .
371 3119 483 3218 Quid
495 3117 596 3225 juris
614 3131 750 3197 autem
768 3115 820 3196 de
835 3113 1104 3195 animalibus?
1121 3112 1430 3221 Respondemus
1449 3142 1460 3194 t
1479 3115 1513 3195 si
1531 3114 1582 3196 de
1601 3142 1689 3224 pos·

311 3240 487 3319 sessione
515 3239 693 3318 ferarum
716 3256 875 3345 agatur,
901 3240 1122 3321 amittimus
1147 3266 1235 3319 eam
1254 3230 1345 3321 une
1363 3267 1458 3319 eum
1479 3238 1690 3343 dominio,

311 3363 447 3441 stetim
470 3390 515 3442 ac
537 3363 676 3443 oculos
695 3361 910 3466 effugerint
929 3361 994 3442 vel
1013 3364 1158 3443 itusint
1171 3364 1214 3442 in
1233 3380 1451 3471 conspectu
1465 3379 1693 3464 nostro,ut

313 3482 485 3565 difficilis
503 3488 555 3561 sit
574 3509 711 3561 earum
733 3478 960 3589 persecutio
980 3490 1005 3584 ᾗ
1032 3514 1077 3567 12
1100 3490 1194 3567 Inst.
1215 3487 1266 3566 de
1284 3514 1360 3565 rer.
1382 3482 1520 3581 divis,
1537 3487 1580 3563 L.
1601 3483 1624 3564 5
1646 3483 1689 3561 ff.

313 3605 363 3684 de
393 3633 477 3715 aeq,
507 3633 583 3684 rer.
612 3602 719 3684 dom.
745 3607 915 3685 Romani
944 3610 1052 3684 enim
1079 3610 1159 3690 hoe
1186 3612 1231 3695 iu
1255 3636 1356 3693 meu
1373 3604 1690 3714 -deflexeruuta

311 3728 467 3834 reguld,
488 3728 712 3808 secundum
739 3755 864 3840 quam
894 3730 1145 3836 possessione
1173 3727 1317 3807 amissi
1349 3753 1434 3804 non
1454 3724 1549 3805 ideo
1571 3733 1690 3825 amit-

312 3854 415 3932 titur
433 3851 672 3933 dominium.
693 3853 944 3934 Hinetamen
963 3878 1051 3943 non
1066 3879 1088 3929 a
1104 3850 1194 3958 jure
1214 3866 1368 3931 nuturae
1386 3850 1597 3951 recedunt,
1616 3853 1688 3934 sed

312 3977 448 4082 potius
469 3975 520 4055 ad
541 3976 584 4056 id
611 3976 831 4071 accedunt;
856 4000 949 4054 num
972 4000 1065 4053 cum
1088 3973 1319 4056 dominium
1346 3972 1523 4075 ferarum
1541 3979 1687 4088 ecqui·

311 4116 425 4179 ratur
439 4127 513 4204 per
532 4101 852 4203 occupationem,
865 4097 978 4177 locus
994 4113 1054 4177 est
1071 4096 1173 4203 juris
1188 4097 1381 4177 naturalis
1393 4098 1557 4205 regulae,
1575 4097 1688 4204 quod

315 4221 466 4333 aliquid
487 4219 727 4301 dissolvatur
752 4216 897 4299 eodem
917 4244 1083 4323 genere,
1104 4248 1188 4328 quo
1209 4220 1441 4327 colligatum
1464 4238 1531 4297 est.
1551 4218 1691 4299 Domi·
1813 4223 1816 4227 ’

314 4344 431 4421 nium
456 4346 592 4451 itaque
623 4359 664 4423 et
685 4341 903 4449 possessio,
934 4340 1028 4420 lieet
1054 4340 1158 4421 nihil
1179 4345 1286 4424 inter
1305 4373 1348 4425 se
1369 4366 1584 4423 commune
1611 4341 1682 4420 ha·
1819 4422 1827 4449 ,

315 4464 437 4545 beent
452 4470 495 4543 -L
528 4464 673 4569 m,§3
697 4493 712 4544 t
738 4462 779 4543 tf.
800 4464 837 4545 h.
859 4482 908 4567 t,
926 4466 1013 4572 peri
1034 4492 1153 4572 passu
1176 4467 1242 4550 hic
1262 4465 1490 4563 ambulant,
1509 4464 1554 4544 id
1572 4464 1685 4577 quod

1459 4616 1489 4685 7.
1504 4654 1508 4661 .
