4517 5867
640 588 683 661 16
933 586 951 652 J
959 583 1150 657 OANNIS
1175 580 1499 653 resolutum
1522 573 1777 651 santum

636 830 708 883 uos
729 801 798 908 qui
824 798 875 877 ad
897 796 1185 907 assequendam
1206 794 1376 902 propriae
1397 791 1543 872 mentis
1564 788 1761 869 culturam
1780 800 1821 863 ct
1841 783 1992 891 pericc-

588 974 590 981 ,
624 927 815 1022 tionem,
842 922 906 1000 'ad
925 932 1104 999 animum
1133 918 1185 997 ad
1212 943 1334 996 omne
1360 913 1486 992 officii
1511 938 1639 1017 genus
1668 907 1994 1016 informandum,

572 1098 574 1103 -
623 1044 896 1150 cogitationes
931 1058 1080 1121 vestras
1118 1057 1159 1119 et
1185 1040 1353 1118 'assidua
1388 1034 1520 1115 studio
1556 1032 1745 1113 confertis
1759 1038 1771 1131 ',
1787 1064 1792 1071 ·
1810 1048 1995 1111 naturam
2067 1031 2073 1041 ’

626 1186 857 1271 ,omnesque
879 1162 964 1269 ejus
989 1162 1107 1239 facies
1131 1188 1175 1239 ac
1196 1161 1365 1238 virtutes
1387 1156 1547 1236 attentis
1568 1154 1695 1233 oculis
1717 1170 1758 1233 et
1777 1153 1888 1231 omni
1912 1153 1993 1231 acie

635 1288 785 1391 ingenii
800 1284 1021 1392 explorate,
1042 1283 1251 1363 observato
1268 1280 1546 1386 phoenomena,
1560 1275 1637 1355 alia
1649 1272 1737 1353 aliis
1754 1287 1995 1395 comparate,
2089 1360 2092 1365 ,

634 1406 857 1515 inquibus
886 1408 1149 1500 conveniant,
1179 1405 1224 1486 in
1253 1396 1404 1509 quibus
1428 1397 1656 1504 discrepent
1682 1397 1921 1503 perquirite,
1952 1410 1993 1473 et

634 1525 890 1629 possidebitis
902 1527 1028 1604 basim
1039 1542 1159 1639 atque
1173 1522 1479 1604 fundam0ntum
1496 1535 1728 1601 cunctarum
1736 1518 1994 1597 scientiarum

636 1662 676 1728 et
693 1645 850 1728 artium.

687 1822 723 1901 A
750 1819 995 1928 juvenilibus
1021 1819 1137 1899 annis
1162 1816 1428 1900 nanciscendo
1452 1812 1789 1897 consuetudinem
1807 1808 1997 1893 enitendi

633 1940 685 2022 ad
712 1941 832 2023 ideas
851 1940 1072 2047 generales,
1096 1941 1158 2021 bis
1176 1938 1431 2041 inhaerendo,
1448 1937 1677 2037 harmonia,
1705 1935 1925 2019 constantia
1957 1946 1999 2011 ct

633 2061 893 2169 pulchritudo
910 2078 1062 2145 naturae
1078 2060 1196 2145 vobis
1218 2059 1402 2169 quotidie
1428 2057 1573 2139 clarius
1591 2056 1816 2158 illucescet,
1841 2071 1883 2134 et
1900 2078 2008 2161 quo·v

631 2181 731 2263 tidie
753 2184 910 2265 animus
928 2199 1058 2262 vester
1081 2208 1187 2263 nova
1210 2180 1434 2288 majorique
1446 2174 1729 2260 admirationis
1751 2173 2001 2284 jucunditate

632 2300 907 2407 perfundetur.
926 2303 1023 2385 Dies
1052 2303 1183 2381 sereni
1211 2327 1317 2408 quos
1343 2296 1559 2381 traducetis
1579 2299 1642 2379 his
1660 2297 1805 2380 studiis
1831 2296 2002 2395 intenti,

633 2445 718 2498 non
734 2421 1007 2499 turbabuntur
1024 2418 1284 2505 sordidorum
1301 2421 1495 2503 vitiorum
1513 2418 1824 2525 impermotus
1841 2416 2004 2497 violen-

631 2554 763 2615 tarum
786 2539 1017 2643 passionum
1036 2539 1223 2642 procellis
1241 2538 1667 2631 obnubilabuutur3et
1684 2562 1771 2621 non
1786 2534 2004 2621 elabentes

632 2654 793 2757 fugaces
814 2659 908 2735 auni
928 2658 1016 2734 sine
1037 2658 1200 2759 egregio
1219 2655 1353 2735 fructu
1370 2681 1626 2761 peromnem
1643 2657 1768 2734 vitam
1785 2653 2007 2755 duraturo,·

632 2774 924 2891 qualecumque
941 2773 993 2865 ad
1014 2773 1478 2893 mauducemflsdducti·
1495 2775 1586 2861 vilae
1605 2775 1840 2863 imtitutuur
1853 2790 2009 2892 “qul‘

631 2917 741 2980 mult.

574 3088 577 3093 ·
683 3064 726 3144 Si
750 3065 873 3143 vitam
890 3062 1117 3143 devoveatis
1136 3062 1372 3171 quaesmosis
1386 3076 1621 3144 mercatum·
1632 3062 1997 3172 negotiationibus,

630 3185 664 3263 si
679 3184 981 3293 operationibus
997 3182 1173 3283 fabricae,
1188 3185 1224 3265 si
1238 3182 1445 3268 laboribus
1461 3183 1727 3288 agricultura,
1739 3187 1818 3291 ipsi
1831 3186 2005 3269 abunde

629 3306 868 3413 perspicitis,
884 3329 1093 3412 nunquam
1108 3304 1236 3392 tutius
1249 3328 1326 3387 vos
1340 3304 1485 3405 ituros,
1497 3304 1666 3411 quamsi
1675 3306 1849 3385 scientim
1855 3333 2005 3405 rerum.

628 3425 873 3514 naturalium
901 3451 1040 3505 omnes
1066 3451 1223 3529 gressus
1251 3425 1428 3529 dirigant
1455 3439 1498 3509 et
1522 3421 1811 3523 moderentur3
1838 3427 1874 3505 si
1899 3428 1996 3509 vita

627 3573 754 3651 genus
768 3544 1082 3652 amplectamini,
1101 3546 1145 3624 in
1165 3542 1249 3653 quo
1263 3542 1407 3623 barum
1421 3542 1721 3649 disciplinarum
1739 3545 1888 3649 ignaris
1906 3574 2004 3645 nou,

625 3666 757 3749 indies
774 3666 914 3745 alienis
931 3667 992 3747 uti
1009 3664 1136 3749 oculis
1146 3668 1204 3753 ¹tit
1220 3690 1379 3761 necesse
1387 3690 1400 3761 ς
1420 3666 1454 3743 si
1478 3662 1531 3754 ad
1542 3662 1827 3749 ‚honorabilem
1843 3668 2004 3770 magis-f

616 3801 774 3890 ¹tratum
786 3786 1025 3881 evocemini;
1043 3786 1202 3894 quoties
1214 3785 1451 3893 iniquam,
1468 3780 1706 3867 delictorum
1715 3810 1761 3862 sc
1771 3784 2005 3872 criminum:

626 3904 807 3993 lucbrosa
823 3922 865 3987 et
872 3905 1060 3993 horrifica
1076 3904 1228 4009 effigies
1244 3904 1476 4009 conspectui
1493 3918 1628 3985 restro
1646 3920 1732 3983 non
1748 3901 2004 4011 objicieturi'„

624 4051 710 4123 non
722 4026 880 4109 eritdiu
891 4023 1137 4134 inspicienda
1148 4041 1190 4104 ct
1197 4039 1347 4105 attente
1359 4021 1669 4130 perpendenda?
1684 4040 1904 4133 utcumque
1922 4023 2003 4125 diff

623 4144 732 4224 vitiis
756 4146 896 4247 etiam,
917 4144 1142 4226 honoribus
1163 4161 1203 4222 et
1227 4143 1489 4247 dignitatibus
1509 4147 1752 4255 augeomiui3
1773 4166 1991 4253 nunquam

622 4278 759 4344 temen
775 4291 825 4344 eo
843 4266 1099 4370 pervenietis,
1123 4290 1208 4370 quo
1229 4260 1392 4342 invidiae
1411 4279 1453 4344 et
1473 4265 1647 4343 formnae
1663 4262 1741 4342 tela
1756 4267 1991 4376 pertingere·

622 4400 844 4505 nequeant,
872 4412 895 4463 a
923 4412 1007 4509 quo
1031 4381 1116 4473 non
1139 4367 1262 4468 ranis
1288 4382 1447 4472 casibus
1474 4365 1912 4502 precipitaripbssitis,
1940 4398 1983 4466 et
