4517 5867
596 598 640 669 7⁰
689 620 712 633 ..
982 580 1142 650 Fatue.
1170 578 1259 649 Jtu
1283 578 1572 685 scuouutmtr

592 773 704 881 juxta
730 804 852 887 quem
881 778 966 855 sola
995 781 1056 858 rei
1083 779 1283 886 possessio
1303 794 1437 886 potest
1466 806 1551 859 esse
1574 779 1781 887 objectum
1802 782 1965 894 alicujus

597 916 842 999 contractus,
852 926 901 977 ex
912 916 982 979 art.
997 928 1011 984 t
1024 902 1106 1003 1413
1122 897 1210 1010 qui,
1220 902 1253 979 si
1263 929 1347 981 una
1357 900 1548 991 etcadem
1559 929 1622 981 res
1633 901 1797 983 mobilis
1807 908 1962 989 vendita

595 1036 655 1097 est
673 1016 857 1121 duobus,
879 1022 1169 1129 proprietatem
1192 1023 1301 1102 illius
1321 1024 1379 1101 rei
1399 1023 1590 1101 transfert
1607 1026 1667 1124 ei,
1687 1028 1759 1134 qui
1781 1030 1914 1135 prius,
1929 1034 1963 1109 si

593 1137 732 1218 saltem
746 1140 855 1222 bonai
865 1142 943 1251 lide
954 1142 1094 1249 fuerit,
1111 1149 1409 1255 possessionem
1422 1163 1565 1225 nactus
1580 1164 1650 1225 est.
1662 1149 1845 1229 Tandem
1855 1152 1965 1262 quod

594 1263 733 1345 Codex
750 1269 1044 1374 possessionem
1054 1272 1163 1352 inter
1177 1289 1221 1351 et
1238 1273 1529 1379 proprietatem
1542 1268 1784 1379 distinquat‚
1796 1293 1909 1381 patet
1918 1304 1965 1356 ex

591 1404 662 1465 art.
684 1388 808 1493 2243,
829 1393 1053 1471 secundum
1071 1422 1196 1505 quem
1216 1396 1348 1471 omnis
1368 1394 1634 1501 possessionis
1654 1392 1765 1474 favor
1782 1396 1963 1477 aufertur

590 1507 668 1610 itti,
691 1512 761 1621 qui
785 1512 934 1593 abhinc
957 1516 1118 1622 integro
1143 1542 1250 1593 anno
1270 1514 1395 1593 fuerit
1412 1517 1665 1622 possessione
1682 1517 1753 1596 sul
1771 1520 1957 1624 privatus.

1083 1844 1277 1939 SECTlO
1294 1847 1472 1939 PRIMA.

748 2157 753 2171 .
830 2085 904 2179 *De
922 2083 1155 2211 definitronq
1168 2101 1214 2162 et
1232 2080 1422 2170 divisione
1435 2052 1698 2193 possessionis.

807 2250 828 2301 t'
1004 2248 1054 2300 ἐ.
1134 2236 1164 2276 Ἴ
1259 2240 1273 2293 ¹·

579 2380 585 2425 ²
635 2381 837 2509 neanias
863 2361 1061 2495 posseisio
1088 2384 1143 2469 ex·
1163 2408 1234 2469 an.
1257 2391 1362 2472 2228
1389 2377 1486 2470 coa.
1509 2389 1596 2469 ca.
1626 2392 1671 2466 n
1691 2388 1893 2467 aaran
1909 2414 1960 2467 oa

585 2514 666 2593 la
637 2516 872 2620 Jouissance
887 2504 930 2591 εἶ’
930 2540 1007 2592 une
1022 2514 1197 2593 cboseou
1211 2514 1308 2609 dfun
1322 2513 1441 2614 droit,
1456 2541 1534 2619 que
1543 2540 1643 2588 nour
1655 2530 1794 2589 terroris
1804 2540 1867 2590 ou
1880 2542 1957 2618 que
2064 2532 2070 2539 ’

581 2660 681 2713 nous
701 2637 887 2741 exerpons'
903 2659 991 2745 par
1009 2662 1123 2717 nous-
1107 2640 1271 2715 -mebzes
1290 2661 1343 2713 ou
1356 2662 1442 2742 par
1456 2662 1516 2713 un
1536 2652 1675 2726 autre,
1700 2660 1772 2740 qur
1766 2632 1836 2711 la
1857 2634 1956 2713 cient

579 2782 630 2834 ou
651 2782 721 2866 qm
717 2746 910 2839 ''lexerue
930 2785 980 2841 en
988 2752 1110 2845 notre
1131 2752 1238 2839 nom.
1262 2762 1378 2841 Patet
1396 2758 1473 2843 hac
1496 2788 1545 2840 ex
1565 2758 1806 2839 delinitione
1813 2757 1957 2867 ,quod

572 2872 720 2964 ‘sicuti
729 2904 776 2959 ex
803 2878 884 2955 ari.
902 2874 974 2957 581
1011 2892 1052 2954 et
1075 2870 1160 2982 587
1189 2901 1274 2952 non
1301 2885 1419 2984 'quasi
1452 2883 1523 2957 sed
1558 2902 1680 2956 verus
1704 2881 1957 2957 ususfructus

526 3004 528 3009 '
582 3004 872 3082 constituatur
876 2992 920 3079 in
945 2997 1067 3079 rebus
1089 2989 1494 3106 consumptibilibus‚
1509 2999 1570 3078 ita
1592 3001 1714 3078 etiam
1736 3026 1800 3077 res
1821 3002 1955 3079 incor-

578 3124 738 3235 por'ales
752 3150 836 3204 non
854 3126 968 3236 quasi
986 3122 1056 3202 scd
1075 3145 1170 3201 vere
1185 3120 1392 3230 possidere
1414 3120 1536 3201 hodie
1556 3122 1853 3229 intelligamur,
1870 3122 1959 3201 arti·

580 3249 695 3329 culus
705 3250 814 3329 enim
829 3246 932 3330 2228
946 3244 1117 3327 dicendo
1130 3274 1177 3323 :a
1192 3246 1228 3325 la
1244 3246 1473 3354 possession
1489 3262 1548 3325 est
1565 3246 1604 3325 la
1625 3245 1906 3327 detention'ou
1920 3246 1957 3325 la

574 3373 799 3483 jouissance
831 3371 950 3452 d’nne
978 3366 1095 3450 chose
1116 3397 1172 3449 ou
1200 3368 1300 3449 d’un
1328 3367 1441 3451 droit
1461 3402 1482 3444 a
1509 3398 1632 3479 quam
1661 3368 1956 3452 evidentissime

527 3556 529 3561 .
577 3495 870 3603 possessionem
893 3520 1031 3576 rerum
1052 3493 1326 3601 corporalium
1352 3519 1445 3572 cum
1473 3494 1864 3631 quasi-possessione
1889 3521 1951 3571 re·

573 3610 668 3695 'rum
688 3614 1005 3724 incorporalium
1020 3614 1244 3708 confundit.
1259 3609 1384 3694 Aliud
1405 3632 1557 3718 autem,
1576 3617 1635 3694 nti
1658 3614 1853 3711 vidimus,
1875 3610 1950 3689 ob·

574 3734 730 3818 tinebat
751 3735 801 3833 de
822 3738 919 3817 Jure
944 3732 1149 3840 Romanu,
1170 3734 1265 3817 solae
1295 3764 1359 3817 res
1391 3738 1617 3845 corporales
1638 3736 1903 3850 dicebantur
1897 3758 1947 3811 ex

574 3864 617 3941 ·L.
641 3854 725 3942 ssff.
750 3860 800 3941 de
823 3887 906 3973 aeq
929 3859 993 3941 vel
1015 3860 1139 3941 amitt.
1163 3887 1267 3969 poss.
1288 3862 1454 3969 proprie
1478 3856 1730 3965 possideri
1716 3845 1950 3963 incorpora·

572 3984 632 4065 les
653 4008 750 4081 vero
772 3984 858 4066 aliis
880 3981 1107 4093 exlegibus
1129 3986 1248 4127 quasi
1265 4010 1349 4062 non
1369 3981 1533 4091 proprie
1554 3974 1883 4088 possidebantur,
1898 4005 1947 4057 eo

575 4108 688 4219 quod
710 4110 907 4213 detentio,
931 4136 1021 4249 quae
1036 4110 1218 4188 consistit
1237 4110 1280 4188 in
1302 4107 1415 4186 factis
1435 4100 1755 4227 corporalibus,
1744 4128 1787 4179 in
1807 4126 1872 4179 res
1885 4100 1951 4177 in·

569 4232 800 4342 ‘corporales'
820 4260 900 4314 non
919 4234 995 4311 nisi
1011 4234 1053 4310 in
1066 4231 1278 4311 intellectu
1295 4233 1529 4309 exsistentes
1538 4249 1623 4304 non
1635 4240 1769 4333 potest
1785 4221 1951 4320 cadere,

574 4355 683 4433 unde
705 4356 747 4437 id
765 4384 901 4437 rerum
923 4372 1077 4434 naturae
1094 4355 1224 4434 multo
1240 4353 1490 4432 conformius
1512 4369 1605 4431 erat
1628 4352 1830 4431 Caeterum
1850 4344 1949 4458 quid

575 4478 626 4557 sit
636 4475 835 4583 detinere,
846 4478 1039 4590 quodque
1054 4480 1098 4559 id
1112 4477 1280 4559 diversis
1290 4504 1366 4583 pro
1381 4476 1541 4558 diversi
1558 4502 1696 4557 rerum
1710 4470 1947 4553 naturafieri
